2948 4986
109 215 186 287 uic
386 181 392 197 ’
567 209 847 275 uissnursmo
867 210 892 275 1.
971 260 979 275 „
1046 228 1080 269 ι.

109 386 248 466 imperiiis
281 402 393 448 camier
423 386 569 463 uosirum,
594 384 703 461 Dirae,
735 390 798 447 oum
826 383 876 446 illa
907 390 962 447 ium
984 403 1075 465 saepe
1096 385 1203 448 iioruiu
1225 388 1351 450 Baliari

87 491 309 566 iurocaiioue,
333 508 385 569 pro
409 490 531 551 carmine
553 488 653 551 baberi
675 491 808 567 magico:
832 493 862 550 ui
885 493 999 551 consini
1021 488 1133 551 iiiiilliiiii
1157 491 1272 551 imario
1293 509 1346 551 ms·

109 593 178 671 gina
201 595 290 655 aeriis
312 593 478 675 quibusdum
501 595 602 655 verbis
623 593 840 674 nominibusque
863 593 959 653 iribui.
1003 593 1078 654 ilino
1101 595 1253 654 transfert!
1273 594 1346 656 Bai·

110 700 175 758 tari
197 715 295 758 iiomrn
313 698 346 757 io
370 697 492 757 inlicem
522 697 636 775 poluii,
665 697 693 756 io
723 714 777 777 qua
806 700 912 758 iunium
943 696 1122 757 observasse
1144 700 1271 776 portenti
1293 699 1345 759 sibi

110 801 281 862 viiaimmr
304 799 441 861 homiues.
492 800 605 862 Poiuii:
636 800 687 860 secl
721 802 815 860 iaieor
842 818 886 860 uie
914 819 968 861 uon
997 800 1183 879 ioielligc-re,
1213 803 1345 882 quamodo

110 900 283 966 Caesaream
313 921 403 984 usque
432 921 533 989 noman
566 902 641 964 isiuil
674 904 882 982 peueiroverli.
926 904 972 965 Aa
1006 905 1104 964 nescio
1132 922 1170 965 nu
1198 904 1344 967 absurdum

109 1010 291 1068 communium
313 1006 349 1066 de
364 1006 489 1083 Virgilio
512 1023 597 1082 mago
620 1008 707 1066 ioinm
729 1007 768 1068 sii
786 1003 919 1069 cedreno
942 1007 1097 1068 recentius.
1140 1005 1244 1089 linque
1267 1008 1344 1069 rerleo

108 1109 143 1170 ml
167 1110 290 1189 priorem
312 1110 504 1171 coniecturum
519 1124 626 1184 meum,
648 1109 817 1187 praesertim
836 1128 918 1190 quum
932 1113 1150 1191 quincexirema
1168 1117 1254 1186 suni,
1276 1111 1342 1190 apul

109 1195 290 1290 cedrenum,
321 1211 452 1274 uilliiberl
487 1212 649 1274 baliaritin
671 1216 741 1280 τοῖς
764 1208 1060 1286 inanissimarum,
1096 1231 1153 1274 non
1183 1213 1257 1276 mele
1279 1231 1342 1275 non·

108 1320 215 1397 grunni
236 1335 299 1379 uum
320 1334 373 1391 eo,
403 1315 478 1398 quod
506 1315 542 1377 ile
571 1314 717 1378 baccaris
745 1334 797 1375 usu
830 1319 973 1378 iesiauior
992 1317 1138 1396 Virgilius
1161 1322 1193 1379 et
1216 1317 1341 1380 Servius.

109 1420 189 1503 Quae
211 1425 303 1483 uuiem
326 1418 516 1500 praecedunt,
546 1419 583 1481 (le
605 1418 756 1481 enoiimii
776 1420 914 1497 urbicio,
937 1420 1052 1496 endem,
1081 1419 1130 1481 rel
1166 1439 1288 1500 prorsus
1306 1421 1342 1480 sl·

107 1523 197 1602 milia,
221 1529 252 1586 ui
272 1525 415 1586 observat
429 1522 615 1603 Lobeokius,
638 1524 674 1584 de
696 1523 805 1586 alruuis
823 1525 975 1587 uurrobnoi
997 1506 1062 1586 oiim
1084 1522 1236 1603 Germani,
1261 1522 1342 1601 Angli

108 1645 241 1709 quoque,
271 1631 302 1689 ut
330 1625 573 1706 Sbulrospeurius.
639 1625 784 1705 Virgilius
806 1646 908 1705 magus
938 1629 1005 1690 milri
1027 1630 1148 1690 maximo
1172 1647 1211 1690 ex
1235 1627 1342 1691 iiieui

108 1731 146 1793 de
167 1731 235 1808 llyb
258 1729 419 1807 Margarita
439 1731 555 1810 poetica
577 1734 679 1810 uoias,
711 1732 757 1813 qui
780 1732 934 1809 Virgilium
954 1732 1150 1815 philosophia
1178 1733 1343 1815 praeditum

107 1839 139 1897 ei
161 1837 408 1915 nigromanticum
430 1835 521 1896 luisse
538 1834 627 1912 dicii,
647 1836 767 1916 eiusque
789 1837 860 1897 ariis
882 1818 1059 1916 specimina,
1075 1853 1149 1918 quae
1169 1835 1342 1912 exhibuerit,

108 1936 243 2000 nonnulla
264 1939 391 2016 proieri,
420 1937 471 1998 sed
502 1939 564 2000 saio
586 1932 684 1999 eadem
708 1939 815 2000 narrari
837 1939 874 2000 ub
897 1939 980 2015 eliis,
1009 1945 1040 2001 ei
1066 1941 1139 2001 sniis
1163 1937 1343 2025 saisselinus

109 2044 212 2103 luorum
234 2039 353 2118 Virgilii
375 2059 450 2103 aevo
474 2042 531 2103 isio
553 2041 742 2119 divulgatam.
784 2042 914 2103 ‘Dixeris
946 2040 1051 2122 aliquid
1081 2042 1117 2102 de
1144 2060 1182 2104 eu
1208 2041 1342 2104 resiiluun

109 2164 178 2208 esse
206 2144 279 2225 apud
312 2143 495 2224 Pomponium
524 2143 661 2208 Sabinum
690 2146 718 2205 io
750 2145 835 2222 Virg.
870 2144 934 2207 llol.
965 2144 1047 2207 viii.
1072 2150 1123 2208 iiii.
1169 2146 1248 2228 lpse
1269 2145 1343 2207 miii

110 2245 259 2324 Moeris.)
298 2246 362 2310 Per
383 2250 514 2312 Macrim
536 2249 680 2331 inteilipii
699 2250 784 2331 forie
809 2251 987 2331 Vergilium,
1012 2255 1153 2336 quoniam
1176 2251 1264 2336 apud
1284 2250 1343 2312 ha·

109 2359 190 2418 iiuos
227 2353 286 2415 duo
314 2353 439 2433 fueruat
472 2356 601 2440 magici,
639 2352 794 2434 Vergilius
822 2354 1038 2431 stamnum,
1069 2363 1104 2416 ui
1132 2359 1181 2416 aii
1217 2355 1342 2416 Plinius·

108 2456 280 2520 natussum
310 2454 409 2525 loeus,
440 2475 496 2538 quo
523 2456 651 2519 ubuiiiur
681 2457 872 2538 Pomponius,
899 2458 986 2531 Plinii
1013 2460 1052 2520 ii.
1081 2458 1120 2521 N.
1144 2457 1290 2520 XXVlll.
1316 2479 1342 2516 n.

110 2559 157 2625 Gi.
181 2561 313 2641 lleynins
335 2559 370 2621 aul
393 2559 500 2622 Douaii
524 2560 620 2623 Vllum
643 2562 731 2638 Virg.
755 2578 819 2640 cap.
842 2560 867 2623 1.
1003 2570 1006 2575 '

175 2665 223 2727 ii
246 2664 309 2725 Dir.
336 2670 373 2724 1.’
386 2668 417 2725 2.
436 2666 484 2726 ubi
497 2666 658 2747 quaeritur,
681 2682 755 2746 quae
769 2665 874 2726 iueriui
886 2663 951 2726 illae
968 2667 1080 2745 priores
1092 2685 1189 2728 socca
1200 2684 1342 2747 cymae,

109 2769 229 2833 ridicule
251 2769 288 2829 de
311 2767 418 2830 Ouiice
441 2768 569 2849 cugliani
599 2767 757 2852 Doubios,
789 2767 914 2847 lindius,
948 2773 978 2830 ei
1005 2787 1065 2828 cum
1096 2768 1224 2830 Domiiio
1254 2767 1342 2830 (ilaus.

109 2875 150 2936 V.
173 2871 198 2933 i.
221 2889 295 2953 quae
315 2871 356 2932 iia
377 2871 582 2950 inierpreiuiur
603 2871 713 2933 locum:
736 2874 847 2933 tristia.
861 2875 996 2934 carmina
1010 2872 1117 2957 qualia
1135 2875 1226 2953 eipui'
1242 2879 1344 2934 casani

110 2978 270 3040 morientes
293 2985 322 3038 ci
345 2974 454 3060 qualia
476 2978 506 3036 in
529 2976 628 3039 culice
649 2985 821 3038 cantamus.
865 2974 973 3036 lindius
995 2980 1086 3036 inuri-n
1108 2975 1281 3056 aliquauiun
1302 2992 1342 3034 ro·

111 3080 217 3159 sipuii,
241 3096 324 3159 quum
338 3077 431 3138 aiiii:
456 3087 510 3140 uui
533 3084 605 3164 pain
619 3084 708 3163 prius
730 3083 885 3141 cecinerat
907 3091 1068 3163 aniepuam
1090 3100 1170 3160 aper
1188 3084 1342 3142 resciturus

110 3191 197 3247 erat:
219 3191 261 3246 ei
283 3184 388 3244 iterum
410 3202 489 3244 nana
513 3184 634 3268 quando
657 3183 696 3246 ab
718 3185 811 3244 Arrio
834 3193 1001 3265 occupatus
1030 3191 1098 3245 esi:
1130 3204 1213 3267 qaae
1243 3186 1342 3246 reaia

110 3287 217 3354 Macri
238 3287 402 3350 declarata
424 3294 481 3349 esi.
527 3286 578 3348 Sic
599 3289 665 3348 unte
699 3285 815 3347 Badium
844 3285 1017 3365 Pomponius
1039 3287 1074 3348 ud
1101 3307 1131 3347 v.
1155 3270 1186 3348 i.
1218 3287 1341 3370 Scripsi

116 3392 270 3472 Vergilius
292 3397 323 3453 ei
344 3390 430 3452 alias
454 3391 574 3466 Diras,
611 3407 691 3471 quac
719 3410 777 3450 non
799 3393 1001 3451 inueniuntur.
1035 3389 1102 3451 idco
1131 3393 1197 3466 ait,
1232 3390 1339 3452 rima

110 3494 283 3579 Quasiquam
305 3493 411 3576 aliquid
435 3493 529 3554 hilleri
550 3476 624 3554 iulcr
637 3493 821 3572 Pomponium
844 3499 875 3554 ei
891 3493 1019 3555 Badium.
1064 3493 1172 3554 uanius
1196 3494 1271 3555 enim
1283 3491 1338 3553 Vir·

110 3597 230 3676 gilium,
259 3616 341 3680 quum
372 3598 489 3676 primum
524 3596 669 3657 omisisset
703 3614 810 3672 agros,
846 3613 958 3657 carmen
991 3596 1114 3674 lugubre
1143 3597 1229 3658 Diris
1261 3592 1339 3657 simile

111 3701 271 3778 cecinisse,
294 3704 351 3761 ium
373 3701 534 3762 resiliuium
556 3700 664 3777 luisse,
696 3704 726 3760 ei
748 3700 905 3778 scripsisse
931 3698 1070 3776 Eulogium
1094 3701 1232 3779 primnm3
1253 3701 1339 3780 posin

11 3837 13 3841 ’
110 3805 212 3867 ilerum
235 3805 380 3865 extrusum
404 3803 541 3879 Eulogium
568 3818 667 3865 nonam
698 3807 728 3864 ei
755 3800 808 3863 lias
838 3805 953 3864 nostrus
979 3802 1067 3864 Diras
1089 3805 1201 3865 iecisse
1225 3803 1338 3884 puiubni.

111 3906 214 4001 linque
236 3906 345 3967 Radius
368 3907 439 3968 duas
463 3907 582 3984 Virgilii
608 3905 812 3986 spoliationes,
836 3909 962 3986 tempore
985 3905 1057 3966 baud
1082 3926 1180 3985 purum
1203 3908 1337 3976 diversus,

113 4009 322 4087 lisiluguobai.
366 4011 492 4073 Bruuius
521 4011 692 4090 Pomponius
719 4009 755 4070 ai
785 4008 894 4072 iiiii.
917 4014 947 4070 ei
968 4008 1021 4070 ix.
1050 4013 1210 4088 praeeunte
1238 4008 1335 4080 Probo,

112 4112 267 4190 Virgilium
290 4111 441 4192 spolicium
462 4115 544 4191 agris
566 4113 707 4191 ilologam
729 4131 829 4174 nonum
852 4114 1007 4193 scripsisse
1028 4112 1196 4191 siaiueb'ai3
1226 4114 1272 4175 aui
1291 4111 1335 4188 igi·

112 4221 159 4280 iur
182 4217 320 4294 lampati,
344 4235 382 4276 ex
403 4220 498 4278 menie
526 4217 692 4297 Pomponii,
722 4206 804 4278 eiiam
833 4216 937 4291 Dirae,
967 4220 997 4278 ei
1014 4215 1139 4295 priores
1170 4216 1255 4294 illae,
1283 4229 1336 4296 quii

113 4320 278 4400 deporliias
301 4319 374 4380 licii
396 4320 585 4398 Pomponius,
609 4319 714 4383 eilias
744 4321 877 4396 nosirne,
906 4318 1093 4399 apponendae
1121 4325 1227 4400 eruni3
1253 4323 1335 4400 pasin

113 4426 272 4486 resilioium
296 4422 434 4500 llaiogum
457 4416 619 4504 scripsisse,
634 4440 712 4502 eum,
734 4441 809 4505 puae
830 4440 904 4484 nuno
926 4423 1014 4503 primu
1036 4425 1092 4482 esh

179 4527 312 4611 neiron
334 4528 455 4595 niuem
484 4527 658 4617 inanimi
679 4510 779 4593 auu
803 4526 924 4615 nomia
946 4528 977 4590 a
1000 4525 1030 4589 u
1048 4523 1134 4599 oiri,
1157 4528 1287 4591 mi·
1300 4522 1335 4585 u
