2948 4986
21 198 24 204 ,
109 182 194 275 sqq
571 175 845 242 nrssnnunuuo
867 176 920 240 ιιι.

115 354 240 416 tuendis
260 352 381 415 muttum
403 351 503 414 adiuti
517 373 629 416 ,sumus
651 352 709 414 illa
731 351 897 429 schedula,
932 356 1078 438 quesita
1099 372 1135 416 ec
1157 356 1269 418 ordine
1290 357 1354 420 dia-

114 462 223 542 pusita
242 458 320 520 daec
339 455 481 524 tutetur.
525 474 598 537 quae
619 457 715 518 statim
745 457 819 519 inter
847 476 881 518 se
907 449 1043 536 pugnare
1072 475 1109 520 ac
1128 457 1246 521 differre
1267 463 1354 521 mani-

21 563 28 568 ”
116 563 219 623 testum
242 564 311 624 est:
342 560 464 622 sienim
487 563 574 622 vetus
596 559 706 623 sclreda
728 563 775 623 itu
796 581 830 623 eo
853 563 959 624 orrtu‘ue
979 543 1150 645 dispositu·
1166 563 1246 626 daec
1268 563 1353 624 lrabe-

115 665 183 743 hat,
206 663 345 746 quomodo
362 663 423 731 lroc
445 667 551 726 tantum
580 664 699 737 scribit,
730 682 764 725 se
793 665 912 735 multum
942 666 1091 728 adiutum.
1106 665 1200 727 tuisse
1222 665 1353 729 schedula

117 767 167 829 illa
188 769 215 829 in
238 767 415 830 restituendo
437 759 558 829 ordinet
601 767 712 845 igitur,
740 767 828 848 quod·
845 769 938 849 ipsius
959 769 1062 830 uerbis
1084 754 1234 847 Scaligeri
1257 770 1352 846 argui-

117 876 184 946 tur,
207 876 339 954 quantum
361 872 456 934 veteri
478 872 603 934 schedae
625 872 776 948 debuerit,
806 877 937 954 qnantum
956 871 997 934 de
1019 891 1072 934 suo
1095 873 1240 936 addiderit
1261 872 1351 936 Scall-

117 993 192 1053 gm,
215 993 335 1055 prorsus
357 974 496 1036 incertum
519 979 575 1036 est.
620 974 746 1050 Deinde,
770 975 845 1057 quud
868 973 1002 1054 alterum,
1024 981 1055 1038 ut
1077 994 1239 1056 ponamus,
1268 977 1351 1039 emnia

118 1078 317 1156 Scaligerum,
341 1077 390 1140 vel
412 1077 708 1158 praecipua‘saltem,
732 1079 839 1140 iecisse
861 1078 987 1144 schedae
1000 1080 1086 1141 illius
1104 1082 1295 1157 auctoritate,
1310 1080 1349 1140 ni-

117 1180 158 1243 lril
181 1181 267 1243 video
290 1182 319 1243 in
340 1179 397 1242 lunc
417 1182 518 1243 ordine
535 1189 591 1244 tam
607 1181 801 1262 praeclamm,
819 1185 850 1244 ut
862 1184 1087 1262 praeferendus,
1110 1181 1240 1245 schedae
1261 1185 1348 1245 nescio

57 1301 60 1305 ’
118 1287 200 1348 cuius
228 1285 421 1364 auctoritate,
456 1284 577 1362 vulgato
610 1286 704 1348 ordini
735 1286 829 1350 inerit.
881 1284 1027 1348 Gloriatur
1054 1287 1137 1348 etiam
1167 1286 1304 1369 Scaliger
1321 1305 1347 1348 se

117 1392 293 1453 rerruuisse
312 1409 331 1453 e
349 1389 430 1470 fuqu
458 1388 650 1467 versiculum,
680 1393 733 1474 qui
761 1389 800 1452 ud
823 1387 961 1453 omuibus
977 1389 1162 1454 editionibus
1185 1391 1314 1455 adnot:

289 1494 351 1557 Seu
373 1493 446 1557 litet
468 1495 511 1556 ud
531 1495 645 1576 sontem
674 1495 773 1558 densa
802 1496 995 1576 requiescere
1016 1497 1048 1555 iu
1070 1494 1186 1557 nultra.

118 1616 200 1680 quem
223 1599 336 1678 reponit
357 1597 385 1658 in
415 1587 492 1674 111ι,
514 1615 589 1680 quae
616 1598 672 1678 ipsi
702 1597 815 1660 videtur
843 1597 924 1659 vitae
946 1596 1101 1677 pastoralis
1125 1597 1286 1678 descriptio
1307 1615 1345 1674 qr.

118 1699 238 1770 νικῶς.
272 1701 341 1762 ilum
363 1719 478 1763 versum
507 1705 600 1783 neque
623 1702 652 1762 iu
675 1701 850 1778 Argustana
866 1718 965 1782 oeque
987 1701 1015 1761 in
1038 1701 1190 1764 Vossiano
1215 1708 1266 1763 81.
1291 1720 1346 1781 rep-

119 1807 198 1886 peri,
222 1822 315 1887 neque
338 1803 464 1867 Vossius
487 1803 551 1866 eius
574 1805 707 1868 indicium
729 1824 768 1867 ex
789 1797 929 1867 'l'ln'uanco
952 1810 985 1868 et
1003 1806 1165 1873 Pettviano
1179 1807 1270 1867 tecit.
1305 1807 1347 1868 nu

119 1907 221 1970 similis
243 1927 349 1970 versus
371 1907 401 1970 in
422 1906 505 1969 libris
526 1907 672 1986 omuibus,
696 1907 838 1980 cnloco,
861 1928 917 1990 quo
940 1914 987 1971 est
1008 1909 1082 1989 apud
1101 1908 1265 1988 Ηιιγιιίιιιιι,
1291 1912 1347 1970 155.

292 2013 410 2075 Pastor
441 2020 475 2073 ut
503 2013 547 2075 ud
567 2013 681 2093 sommo
703 2013 802 2074 deuse
823 2016 975 2098 requievit
996 2012 1028 2076 iu
1050 1997 1166 2077 umdru.

121 2134 160 2176 ex
181 2132 238 2197 quo
260 2116 364 2177 iactum
393 2099 511 2178 alterum
544 2114 621 2178 illum
648 2116 684 2177 ab
716 2115 814 2176 nescio
845 2134 902 2199 quo
931 2117 1112 2195 emendatore
1143 2115 1282 2178 eonilclo.
1321 2113 1349 2175 111

122 2217 258 2296 Scaliger
283 2219 395 2300 quidem
416 2239 446 2299 p.
471 2224 521 2281 18,
555 2220 638 2282 etiam
665 2216 741 2289 tunc
767 2237 882 2281 versum
907 2204 1031 2283 [Pastor
1058 2230 1091 2283 ut
1119 2225 1178 2282 etc.
1208 2219 1349 2298 agnosct,

121 2322 173 2383 sed
195 2323 235 2383 ita
257 2320 443 2385 immutatum:
475 2321 592 2385 Pastor
621 2330 654 2383 ut
676 2322 725 2384 'ad
751 2323 856 2403 fontes
886 2323 985 2387 densa
1012 2319 1160 2405 requietis
1179 2328 1220 2386 *tu
1241 2322 1349 2396 uuatru,

120 2426 269 2507 iungitque
291 2444 353 2487 eum
376 2443 438 2488 curn
460 2425 614 2498 versibus,
635 2424 685 2508 qui
706 2425 798 2502 vulgo
820 2431 887 2488 suut
911 2431 982 2489 158,
995 2430 1054 2497 59,
1091 2421 1212 2490 Securo
1231 2414 1350 2509 pressus

120 2536 178 2592 etc.
221 2531 288 2608 ligo
311 2529 492 2608 scaligerum
516 2547 641 2606 censeo,
674 2547 756 2611 quum
778 2547 834 2590 non
857 2531 930 2591 satis
952 2527 1086 2590 librorum
1108 2532 1289 2611 antiquorum
1308 2528 1351 2589 ln·

119 2635 220 2712 lueret,
250 2635 363 2696 nimium
385 2634 521 2706 tribuisse
545 2634 638 2711 veteri
660 2631 787 2724 schedae
809 2650 897 2709 uuae,
931 2637 962 2694 et
982 2652 1065 2715 quum
1088 2632 1137 2693 illa
1160 2632 1298 2694 nonnulla
1317 2632 1351 2694 oi·

121 2739 213 2799 terret
232 2737 392 2813 singularia
414 2741 445 2798 et
466 2737 502 2798 ah
522 2736 622 2798 ordine
638 2737 837 2817 scripturaque
853 2734 982 2812 vulgatis
997 2737 1162 2798 recedentia
1171 2778 1184 2813 ,
1203 2741 1352 2816 oomepuu

41 2878 43 2881 -
121 2841 245 2902 nouandi
274 2840 447 2920 cupiditate,
476 2840 586 2922 reliqua
607 2858 625 2900 e
647 2840 811 2900 coniectura
839 2838 1015 2920 ingenioque
1036 2857 1089 2900 suo
1112 2840 1216 2902 fretum
1240 2822 1351 2902 adoma-

120 2947 214 3006 visse.
264 2944 414 3026 Denique,
442 2948 474 3006 ut
501 2944 538 3005 de
572 2943 709 3024 particula
738 2943 876 3018 negativa
902 2939 1105 3018 absolvamus,
1136 2962 1237 3022 pamm
1269 2942 1351 3023 placet

121 3049 206 3110 laud
227 3047 345 3128 (taut)
368 3066 425 3128 quc
447 3047 511 3131 loco
532 3065 550 3108 a
571 3045 686 3110 (latullc
708 3047 833 3124 positum
855 3048 920 3120 est,
943 3045 971 3106 in
984 3041 1071 3107 (loma
1087 3042 1289 3108 Berenicesu
1290 3048 1349 3108 ..35

122 3151 160 3214 Su·
181 3151 309 3214 reditura
334 3127 500 3215 tetulisaet.
544 3155 575 3215 is
595 3151 680 3214 laud
700 3153 732 3211 tu
754 3158 884 3231 ternpore
906 3148 1055 3231 torun.
1076 3149 1117 3210 A.
1139 3150 1183 3210 A.
1209 3151 1240 3232 f.
1269 3148 1349 3213 addi·

123 3256 394 3319 durrat..

187 3359 254 3422 Non
277 3359 451 3421 incommode
472 3357 529 3420 lnuc
555 3357 742 3421 transferetur
765 3357 803 3419 de
823 3355 965 3436 particula
986 3364 1017 3420 et
1042 3355 1222 3437 disputatio,
1244 3357 1281 3420 ad
1300 3354 1347 3421 Ga·

123 3463 340 3525 tcnlsvcrsnm
364 3461 505 3524 111ι,11.
592 3504 598 3512 ,
624 3484 626 3487 ·

424 3561 585 3628 ardoribus
608 3568 771 3648 contorquet
797 3573 828 3628 et
855 3564 949 3626 ardor
970 3566 1103 3627 aristus.

124 3669 189 3732 Non
212 3668 276 3730 dico
299 3647 430 3752 equidem
452 3668 600 3746 singulare
622 3668 681 3730 hoc
702 3686 770 3729 esse
797 3666 872 3747 apud
900 3665 1056 3745 Catonem,
1084 3669 1116 3728 ct
1149 3668 1288 3751 antiquae
1305 3667 1346 3730 dc·

125 3776 281 3833 comeatum
303 3773 505 3853 simplicitatis
549 3772 610 3835 Sed
632 3773 762 3853 quoniam
784 3772 920 3833 neminem
941 3771 1028 3849 novi,
1050 3771 1098 3852 qui
1119 3770 1155 3831 de
1170 3769 1288 3850 legibus
1306 3788 1347 3833 cc·

125 3875 212 3956 pulae
232 3886 280 3951 et,
303 3881 390 3957 quoto
412 3895 472 3938 eam
494 3874 561 3939 loco
583 3875 670 3938 liceat
691 3892 820 3954 ponere,
826 3873 1017 3952 scripserit,
1039 3890 1076 3935 ne
1096 3874 1163 3955 quis
1185 3874 1262 3937 illam
1282 3887 1348 3938 ane

125 3977 198 4040 male
229 3976 397 4041 collocatam
427 3999 495 4042 esse
527 3982 628 4060 putet,
661 3996 802 4058 apponam
835 3976 1028 4056 exemplorum
1056 3980 1190 4059 quantum
1219 3981 1293 4042 satis
1311 3977 1348 4040 nit

127 4080 168 4144 Ut
188 4081 225 4143 ab
247 4081 456 4162 antiquioribus
488 4083 635 4162 incipiam,
662 4080 845 4144 luculentum
842 4080 1022 4161 exemplum
1051 4081 1173 4202 copulae
1204 4092 1236 4147 et
1265 4081 1349 4167 quarta

127 4186 193 4248 locu
215 4184 330 4265 positae
351 4187 398 4246 est
418 4186 446 4245 in
469 4182 569 4249 (inlice
591 4206 621 4247 v.
645 4189 697 4247 51,

298 4285 442 4351 Pendula
462 4293 607 4371 proiectis
633 4298 802 4372 carpuntur
830 4291 861 4350 et
888 4287 1000 4350 arbuta
1021 4290 1127 4351 rumis.

129 4391 207 4454 Addi
229 4393 332 4472 posset
354 4408 394 4453 ex
415 4390 514 4453 eodem
535 4389 636 4454 culice
657 4411 764 4455 uersus
786 4395 859 4456 385,
888 4392 914 4453 si
945 4409 1028 4474 quam
1060 4391 1101 4455 ili
1131 4392 1349 4474 promititur·

127 4493 250 4562 unieret
270 4493 379 4576 liepnit
400 4493 497 4577 opinio
507 4535 520 4574 ,
542 4492 674 4576 legentis
693 4497 759 4560 siue
776 4496 984 4561 distinctiones
1004 4574 1006 4579 Ι
