2946 4988
385 179 428 244 in
450 179 616 246 vibiani}
637 180 819 246 CATONIS
840 182 979 258 illuns.
1251 189 1305 272 45

56 360 89 419 ut
109 354 224 431 melius.
236 354 303 432 alii,
325 373 386 417 cam
409 358 612 418 exsecratione
633 357 828 431 coniunctum,
850 358 879 419 in
897 377 959 439 quo.
971 361 1019 421 est
1034 356 1140 440 aliquid
1160 375 1302 424 exsecra-

57 463 159 523 tionis.
187 461 292 523 Possis
315 461 398 521 elium
422 462 483 521 sic:
507 478 617 521 carmen
639 462 885 522 exsecrationum.
916 461 976 528 lam
995 461 1121 525 eumdem
1141 455 1303 527 insensum

55 571 87 627 et
110 566 253 647 &uotum
274 584 394 627 carmen
413 565 517 625 licium
540 568 604 639 cst,
627 567 658 625 et
678 565 735 625 alia
755 565 832 626 elicta
854 569 921 626 srnt
942 568 981 627 ex
1001 584 1112 643 genere
1133 559 1303 647 participio-v

57 689 129 730 rum.
175 667 276 730 Veluti
305 669 353 728 sic
375 668 505 747 accipio,
534 668 609 748 quod
632 666 739 731 Cicero
767 669 869 743 scribit
894 668 1020 748 Philipp.
1044 671 1069 731 1.
1093 692 1132 747 ιι,
1156 674 1187 730 5.
1214 671 1301 735 illius

56 782 245 837 aremulus
265 772 434 848 columnae,
457 789 512 832 non
525 779 566 832 ut
587 775 627 834 sit
648 771 790 848 columna,
813 792 894 854 quum
919 771 998 834 multi
1021 777 1225 850 exsecrantur,
1247 775 1302 837 ned

56 875 246 954 simpliciter,
272 876 301 936 in
324 894 380 956 qua
402 874 502 936 haeret
530 873 637 954 aliquid
667 876 893 936 exsecrationis:
923 875 971 936 lie
992 874 1081 936 Saule
1109 877 1162 938 des
1183 877 1300 939 Fluubs.

58 979 217 1042 Relatums
238 978 391 1041 bonerum
415 981 487 1053 isla,
509 979 671 1043 Scelerata
690 991 802 1062 porta,
824 981 1003 1043 Sceleratus
1025 999 1171 1060 canopus,
1193 983 1300 1045 Scele-

56 1095 149 1147 ratus
171 1089 278 1159 uices:
298 1082 360 1151 ,seri
380 1083 445 1143 rium
468 1087 600 1146 accurate
623 1084 835 1162 circumspicio,
866 1084 983 1144 retineri
1009 1085 1150 1161 possein
1173 1083 1219 1146 bis
1240 1086 1301 1147 vim

57 1186 204 1266 participii
227 1187 369 1266 proprium
393 1184 543 1264 intelligo,
574 1191 606 1248 ut
627 1187 682 1264 sit,
709 1186 837 1261 scelere,
860 1184 908 1247 vei
929 1184 1105 1264 sceleribus,
1128 1189 1302 1249 contamina·

10 1372 12 1377 Ι
57 1295 122 1366 tus,
144 1294 179 1352 et
198 1290 330 1352 obrutus.
369 1287 490 1350 Omnino
514 1288 670 1351 cavendum
692 1286 747 1349 bac
768 1289 797 1355 io
820 1307 868 1365 re,
890 1306 927 1350 nc
949 1289 1013 1369 quis
1035 1285 1151 1350 diuersa
1172 1292 1301 1355 misceat

10 1450 12 1469 ;
59 1394 112 1456 Sic
133 1392 277 1455 nubum
290 1391 374 1457 ‚iliam
396 1401 426 1455 et
447 1391 613 1469 generalem
639 1392 896 1469 significationem,
928 1411 1009 1473 qnam
1035 1410 1089 1453 nos
1117 1392 1300 1456 nuncuolu,

58 1517 137 1573 mus,
159 1496 301 1558 accedunt
322 1497 419 1558 tunica
438 1497 593 1578 palmato,
617 1495 739 1556 braccae
761 1499 919 1575 uirpuloe:
942 1494 1010 1577 quid
1029 1497 1101 1557 enim
1116 1498 1212 1570 tunica
1226 1499 1301 1580 pal-

10 1604 13 1681 ξ
57 1612 161 1678 mutu,
174 1600 305 1661 braccae
317 1601 462 1678 oirpalae
482 1598 576 1674 aliud,
599 1617 680 1679 quam
695 1600 806 1676 tunica,
821 1599 961 1676 braccae,
984 1600 1012 1659 iu
1030 1600 1133 1681 quibus
1150 1604 1217 1662 suut
1234 1602 1301 1681 pal-

10 1688 14 1735 5
59 1723 140 1784 mae,
164 1697 292 1782 virgae?
315 1706 345 1764 ut
367 1720 436 1775 nos,
469 1703 515 1762 ein
536 1702 734 1779 gestreiiles,
753 1702 799 1763 ein
821 1699 1014 1779 geniricites
1037 1702 1135 1765 lileid.
1177 1704 1222 1766 At
1243 1727 1301 1768 ua-

59 1809 173 1871 dulata
194 1825 250 1889 quo
270 1823 361 1866 sensu
378 1805 472 1866 vestis
490 1805 600 1866 dicatur
614 1804 753 1881 Varroni,
776 1810 806 1867 et
828 1807 1009 1886 implacitata
1030 1805 1086 1867 aila
1098 1806 1201 1869 Plauto
1216 1808 1300 1888 lipirl.

10 1894 12 1899 ⁵
58 1912 98 1974 ll.
122 1922 165 1988 ιι,
187 1915 239 1975 lo.
267 1892 335 1970 oribl
357 1909 468 1988 quiden
489 1908 627 1971 incertum
650 1913 714 1987 esi,
735 1911 968 1976 anconiormaia
989 1911 1019 1970 in
1041 1912 1168 1989 speciem
1191 1913 1309 1995 implu-·

57 2009 125 2080 viii
162 2014 207 2099 lta
228 2000 414 2074 ereniderime
444 2015 480 2074 ut·
496 2017 544 2074 est
565 2013 676 2089 lugalio
696 2015 795 2075 vitium
808 2014 1024 2096 ‘complacicior
1044 2014 1120 2093 apuri
1142 2013 1301 2077 Varronem

58 2126 89 2182 et
107 2119 244 2199 ,mnarum
266 2116 484 2193 et'imlueiuta
502 2117 594 2176 vestis
617 2115 702 2194 lipiri.
724 2116 763 2178 li.
787 2140 825 2193 ιι,
849 2119 903 2177 li.
929 2116 1003 2178 baud
1026 2115 1113 2179 nubre
1135 2122 1197 2196 esi,
1227 2137 1307 2180 con·-

56 2224 183 2285 iormata
202 2223 231 2282 iu
249 2206 517 2300 'speciemindusit
540 2223 571 2285 ul
590 2221 692 2301 picati
708 2220 945 2299 appellabantur,
967 2221 1054 2282 Festo
1071 2225 1209 2299 testante,
1225 2243 1301 2307 puo-

57 2347 124 2389 rum
143 2325 241 2408 perles
260 2325 388 2411 famuli
410 2333 482 2395 suut
502 2329 534 2386 iu
556 2327 686 2404 speciem
707 2327 876 2407 npliupum.
908 2324 980 2385 Non.
993 2304 1090 2401 magis
1106 2323 1163 2386 buc
1176 2328 1302 2404 pertinet

57 2430 220 2494 Plautinum
243 2427 326 2492 iilud,
349 2426 404 2486 seul
424 2428 478 2486 iarn
490 2426 566 2486 -aute
582 2426 781 2504 Plautum,.ut
798 2432 882 2506 puto,
906 2428 1056 2505 numiam,
1078 2440 1174 2509 nuptu
1189 2428 1300 2491 verba:

56 2552 135 2617 quae
157 2550 215 2594 non
236 2533 303 2593 sunt
324 2530 416 2592 verim
437 2530 608 2610 nuptialia,
630 2529 682 2590 seri
704 2529 790 2597 velut
808 2531 1020 2612 deuirpinalu,
1043 2535 1074 2593 ut
1093 2531 1171 2592 bene
1186 2531 1302 2593 Acida-

53 2639 116 2700 lius
135 2639 168 2698 in
183 2626 261 2700 'Cas
282 2654 314 2714 p.
339 2638 410 2695 136:
443 2632 537 2709 igitur
558 2631 631 2694 baec
652 2628 801 2695 translatio
825 2638 872 2696 est
892 2651 910 2695 a
932 2633 1028 2713 puella
1048 2634 1200 2701 absorbe
1222 2636 1301 2695 eius:

53 2759 143 2824 quern
165 2740 195 2800 in
216 2738 329 2800 modum
349 2739 433 2799 etiam
454 2737 549 2800 uerba
577 2738 709 2798 dicuntur
732 2747 943 2820 praetextata.
963 2781 966 2785 «
986 2737 1158 2799 Eumdemne
1179 2739 1210 2815 in
1232 2756 1301 2800 sen·

54 2864 122 2906 sum
144 2843 359 2922 interpreteris,
390 2861 428 2904 an
450 2841 508 2903 alio
529 2841 630 2918 modo,
653 2839 747 2925 Plauti
769 2841 860 2901 locum
882 2840 1000 2902 Trucnl.
1021 2841 1061 2903 11.
1085 2864 1125 2919 ιι,
1148 2845 1200 2903 24.
1229 2862 1302 2904 cea·

53 2962 122 3012 tum
149 2951 293 3033 coenatus·
312 2937 433 3020 noctes,
462 2946 593 3007 dubitare
615 2945 731 3024 possis:
762 2946 868 3024 poterit
895 2943 951 3005 boc
977 2945 1079 3032 modo,
1109 2949 1211 3007 noctes
1226 2963 1303 3007 cum

55 3062 155 3114 coena
175 3051 358 3126 coniunctas,
373 3067 452 3130 uuae
475 3051 621 3134 continent
642 3066 776 3125 coenam,
799 3052 831 3109 nt
852 3067 904 3128 par
925 3048 1007 3109 locus
1023 3049 1064 3108 sit
1079 3046 1200 3112 Catonis
1222 3048 1303 3126 louo;

56 3155 174 3236 poterit
192 3156 247 3227 ita,
273 3157 309 3214 ut
333 3142 406 3214 baec
433 3169 546 3234 quoqne
568 3150 717 3220 translatio
740 3152 795 3220 sit,
828 3155 965 3225 coenatus
986 3155 1109 3230 nomer,
1140 3156 1304 3234 quosquis

57 3259 204 3320 coenatus
225 3257 357 3336 peragit.
402 3254 484 3338 Quod
507 3257 671 3337 praeiero..
693 3255 821 3318 Sululos
844 3255 955 3317 Plinius
982 3256 1067 3328 dicit,
1096 3255 1145 3337 qui
1173 3255 1305 3320 laborant

58 3381 101 3423 eo
119 3360 247 3439 morbo,
276 3360 329 3422 seo
357 3359 479 3422 solatus
508 3359 591 3419 eliam
618 3358 732 3418 morbos
761 3357 915 3420 dicebatur
943 3361 1025 3438 ipse,
1053 3361 1080 3420 si
1110 3359 1183 3421 bles
1205 3360 1303 3422 Festo.

61 3466 190 3531 Prorsus
212 3462 435 3525 sbnlie.rlcuoto
458 3464 584 3523 carmini
612 3463 690 3522 iuret
708 3455 856 3538 vulgatum
879 3463 907 3523 in
929 3462 1090 3524 Trinummo
1117 3461 1142 3523 1.
1167 3485 1207 3540 ιι,
1233 3468 1304 3527 lto.

59 3568 246 3637 maledictos
267 3569 393 3648 fumus:
423 3564 515 3647 quod,
539 3563 608 3626 iicet
629 3563 787 3626 insolenter
809 3563 932 3644 elicium,
960 3567 1081 3645 ferrem,
1095 3626 1097 3631 ,
1110 3566 1166 3626 nisi
1188 3566 1228 3627 ibi
1250 3570 1306 3628 iam

63 3671 162 3735 facilis
184 3674 301 3760 pmesto
331 3672 412 3731 esset
439 3668 597 3741 emendatio
624 3668 804 3730 maledicas.
849 3667 911 3730 Sel
938 3673 1034 3749 ceria,
1062 3669 1200 3752 nulloque
1223 3671 1308 3732 morlo

64 3776 219 3853 ambigua,
241 3775 453 3855 partieipiomm
475 3792 554 3835 suam
577 3772 906 3849 naturamexuentium,
928 3776 964 3835 et.
979 3777 1154 3853 potestatem
1175 3773 1307 3835 latiorem

67 3879 146 3940 illam
172 3877 391 3951 assumentium,
422 3876 555 3956 exempla
580 3874 653 3937 baec
681 3878 764 3953 suut,
782 3893 869 3957 -quae
896 3873 952 3938 ulio
981 3875 1102 3938 oonsilio
1124 3877 1256 3939 Muretus
1278 3879 1309 3939 et

69 3981 207 4061 Scaliger
228 3982 258 4042 in
280 3980 387 4045 catuli.
404 3979 509 4061 epiri.
532 3980 567 4043 Ρ.
590 3984 620 4042 et
639 3977 698 4040 Tb.
722 3984 774 4041 83.
797 3979 885 4040 Bern.
907 3978 1053 4042 Martinus
1069 3978 1142 4041 liar.
1158 3979 1239 4043 beot.
1253 3980 1308 4043 111.

68 4111 116 4149 rx.
139 4085 277 4163 aberunt,
298 4085 482 4167 insepultum
503 4083 690 4167 sepultarum
711 4079 775 4145 cre.
794 4082 922 4163 Pbiiipp.
940 4081 964 4145 1.
985 4089 1025 4160 ιι,
1044 4089 1074 4146 i.
1097 4088 1232 4167 innuptis
1251 4104 1309 4146 arr-

66 4196 147 4277 ptiic
169 4193 272 4270 poetae
294 4207 342 4268 ap.
366 4185 429 4250 (iio.
451 4188 488 4249 de
510 4186 592 4249 Orat.
615 4185 671 4247 l-il.
693 4208 779 4248 uvnr.
825 4186 967 4265 Scilicet,
996 4187 1072 4269 quoii
1093 4189 1310 4266 egregieper-

69 4293 364 4375 ceperat'Scaliger,
393 4291 529 4369 Romani,
557 4309 640 4371 quum
670 4291 828 4368 sentirent,
856 4308 939 4371 quam
965 4290 1038 4352 ielirr
1064 4292 1094 4352 in
1115 4289 1180 4366 bis,
1208 4286 1311 4365 γάμος

72 4389 214 4476 ἄγαμος,
237 4398 358 4479 eiusque
378 4396 498 4476 generis
519 4394 673 4457 innumeris
694 4392 776 4471 aliis,
798 4411 915 4455 acumen
936 4395 1064 4470 inesset,
1091 4392 1221 4455 aemulati
1245 4396 1312 4454 sunt

71 4503 222 4575 Graecos,
244 4518 386 4564 successu
406 4498 515 4580 inpari.
544 4495 618 4572 llam
639 4495 775 4559 nonnulla
794 4496 907 4579 quidem
928 4496 1135 4577 suppeditabat
1153 4514 1246 4558 serum
1264 4495 1312 4559 la·-
