2948 4986
106 176 160 247 80
474 236 484 254 ¹,
530 167 935 233 Ablmnbvnnsmnns·

107 357 157 408 tur
179 343 344 425 explicant:
368 343 560 421 devorentur,
582 344 774 405 absumantur.
864 343 1043 405 Poscuntur
1064 339 1195 419 August.
1235 339 1354 402 Deinde

106 470 206 511 aurae
226 450 255 509 in
277 450 395 528 scriptis
417 448 549 524 Helnsii,
572 446 601 507 b.
625 465 652 508 e.
675 449 704 507 in
727 448 829 508 Petav.
852 450 882 508 et
902 446 1015 507 Thoan.
1039 448 1069 507 et
1090 437 1124 505 in
1142 445 1213 505 meis
1243 447 1352 506 tantum

107 571 162 612 non
186 552 333 624 omnibus,
356 553 439 613 etiam
463 550 607 612 Vossiano
629 552 653 613 1.
678 556 707 612 et
729 551 757 609 in
782 553 881 611 vetere
908 549 1033 609 editione
1054 549 1139 614 omni.
1169 568 1250 610 aura
1273 553 1351 610 recte

108 656 201 716 Paris.
230 656 284 718 lV.
328 656 520 729 lllutinenris,
550 653 694 723 Aldinae,
722 656 791 732 post
820 652 941 713 Aldinae
969 652 1100 713 Venetae
1130 655 1224 735 1511.
1258 655 1348 713 1555.

110 764 202 820 1558.
225 758 319 820 Anto.
349 762 437 820 1556.
460 759 530 819 Bas.
554 757 591 817 ll.
617 759 650 819 P.
678 762 767 818 1561.
792 755 928 833 Scaligg.
951 754 1029 817 Pith.
1053 756 1241 816 recentiores.

172 862 245 923 Post
266 860 342 922 bono
364 880 478 923 versum
501 862 649 922 Parisinus
672 859 725 921 lV.
749 865 779 923 ut
800 860 836 920 ad
859 881 889 920 v.
914 862 964 919 11.
995 860 1106 934 naonui,
1134 857 1209 919 illum
1233 858 1345 921 inserit:

110 967 226 1028 Nooeec
248 969 329 1026 iutro
352 969 409 1026 oto.

139 1171 178 1232 V.
194 1176 246 1233 ll.
268 1185 523 1251 TRANSVOLE'l',
537 1185 742 1240 lenonibus
756 1184 966 1239 CONlUNGA'l'
982 1183 1028 1236 bn
1046 1183 1168 1238 11111011
1184 1183 1345 1238 nnisnns.

142 1277 315 1356 Coniunput
336 1287 366 1339 11
387 1270 493 1358 orbor]
515 1276 599 1353 Lege
675 1282 678 1288 ⁴
1147 1303 1150 1306 >
1331 1357 1334 1361 Ι

538 1411 578 1421 -·
602 1384 757 1459 contioque
779 1389 808 1440 11
835 1378 929 1438 ardor
956 1381 1088 1438 aristus.
1129 1381 1233 1435 scala.
1278 1397 1345 1438 eoa·

107 1486 208 1563 1119111
232 1482 262 1543 in
283 1481 363 1543 bere.
388 1480 509 1542 Helmst.
525 1480 615 1542 Voss.
630 1480 654 1542 l.
675 1479 767 1557 Angl.
791 1481 881 1542 arbor
904 1482 932 1541 in
954 1479 1037 1540 libris
1053 1479 1193 1540 omnibus.
1232 1481 1345 1556 Trunc-

108 1587 208 1647 uolenl
232 1586 258 1645 ln
283 1586 377 1646 Paris.
392 1583 458 1645 ·lV.
481 1585 609 1666 idemque
631 1596 660 1646 11
682 1586 794 1644 omittit.
836 1584 950 1645 Deinde
973 1584 1001 1643 in
1024 1584 1162 1646 Romanis
1184 1587 1215 1646 et
1237 1583 1345 1648 Veneta

108 1687 216 1750 abebat.
238 1689 278 1751 lta
299 1686 373 1748 liaeo
395 1691 535 1765 concepta
557 1705 591 1747 ac
612 1687 746 1748 distincta
769 1689 913 1748 feruntur:

282 1791 462 1853 Poscuntur
484 1798 604 1870 caperes
627 1791 760 1871 diffusio
784 1790 903 1870 ipna’luo
926 1808 1022 1851 aurae.

284 1894 466 1956 1111111111
488 1894 658 1957 arboribus.
681 1897 843 1974 cuoiunput
865 1904 895 1955 11
917 1894 1005 1955 arbor
1027 1899 1158 1956 aristas.

284 1998 409 2060 Pertiou
433 2014 487 2078 quo
509 2008 630 2058 nostroe
653 2000 711 2057 etc.

109 2102 243 2164 Venetae
273 2106 367 2161 autem
395 2100 473 2163 ltub.
501 2103 531 2160 et
553 2099 629 2160 lens.
661 2117 720 2160 cunr
750 2099 867 2162 Vioent.
897 2099 1104 2160 distinctionem
1133 2104 1202 2180 post
1230 2105 1342 2165 aristam

109 2206 257 2282 omittant,
289 2203 369 2285 quasi
398 2203 570 2280 iungendum
597 2204 636 2265 sit
662 2204 756 2265 orbor
774 2209 904 2287 pertico.
950 2205 1047 2284 Atque
1076 2204 1118 2264 sic
1140 2205 1237 2282 iungit
1258 2207 1341 2266 inter-

111 2312 296 2389 pretaturque
325 2308 443 2370 Badius.
495 2307 590 2386 Opem
620 2307 745 2368 tulerunt
771 2309 888 2385 partim,
918 2308 1051 2368 restituto
1081 2328 1175 2384 aura,
1207 2306 1341 2384 Aldinae,

110 2431 224 2494 quarum
249 2417 340 2475 tanuen
368 2413 448 2491 prior
476 2410 548 2471 male
576 2415 706 2490 punctum
734 2413 838 2472 retinet
866 2415 933 2489 post
961 2428 1060 2490 uurn3
1090 2413 1191 2491 partina
1208 2411 1342 2495 ‚Scaliger

109 2515 257 2596 praeclara
280 2516 476 2577 emendatione
499 2516 602 2576 ardor.
640 2515 678 2575 llt
700 2513 754 2574 boc
777 2514 904 2594 quidem,
927 2514 1039 2590 ardor,
1055 2515 1250 2592 'excogitavit
1267 2517 1342 2577 etiam

109 2619 195 2681 multo
218 2624 285 2681 ante
309 2618 489 2697 Scaligernnr
512 2621 640 2698 tempore
663 2617 761 2680 Gloss.
785 2619 823 2681 V.
847 2618 870 2678 l.
917 2617 958 2680 nt
981 2617 1117 2694 Scaliger
1145 2637 1230 2704 quum
1253 2636 1343 2679 emen·

110 2723 249 2784 dationem
272 2743 350 2783 suam
377 2723 566 2802 proposuisse
594 2722 622 2780 in
647 2717 850 2782 Coniectaneis
880 2721 952 2781 satis
980 2718 1147 2796 habuisset,
1176 2740 1234 2782 non
1262 2719 1343 2800 recipi

110 2845 170 2885 eam
194 2827 222 2885 in
245 2826 368 2886 ordinem
397 2825 551 2902 iussisset,
581 2825 683 2884 nonsit
709 2824 862 2885 absurdum
891 2824 982 2887 orbor
1009 2826 1037 2884 iu
1059 2823 1155 2887 multis
1182 2830 1254 2905 post
1275 2827 1343 2889 Sea·

109 2928 240 3005 ligerum.
1334 2982 1339 2993 ,

176 3030 230 3091 Vel
254 3032 297 3092 sic
324 3033 416 3092 tamen
445 3029 481 3089 de
510 3048 585 3089 nexu
615 3029 766 3090 verborum
795 3047 830 3091 ac
858 3029 1039 3091 distinctione
1070 3031 1270 3112 quaerebatur.
1312 3031 1343 3093 llt

111 3132 248 3210 Scaliger
269 3133 397 3215 quidem,
420 3150 500 3213 quem
523 3132 653 3217 sequitur
670 3132 830 3209 Aruoldns,
853 3132 944 3194 altera
962 3152 1035 3212 opus
1051 3153 1119 3195 esse
1135 3135 1342 3208 emendatione,

110 3240 282 3317 eontinpat,
306 3237 484 3315 opinabatur.
517 3235 576 3297 Sed
597 3235 732 3315 displicet
754 3235 820 3295 milri
844 3223 1003 3299 ardoribus
1022 3237 1186 3299 ablativus·
1213 3237 1341 3302 Gronool

110 3341 184 3402 duae
205 3338 261 3401 loci
284 3339 370 3401 huius
393 3338 604 3418 explicationes
628 3344 754 3401 exstant.
799 3340 898 3416 Prior,
922 3340 1011 3403 Obss.
1033 3341 1083 3402 lib.
1101 3341 1140 3402 ll.
1165 3359 1230 3422 cap.
1256 3366 1297 3403 111.
1317 3360 1340 3421 p.

115 3450 185 3507 103.
214 3444 299 3506 valde
326 3443 375 3505 illa
402 3444 528 3519 ineerta,
554 3456 650 3524 'neque
673 3442 736 3516 bis,
766 3444 870 3524 quibus
893 3443 1058 3506 Gronovius
1085 3446 1188 3522 utitur,
1220 3462 1340 3525 compro·

110 3546 205 3608 banda
227 3547 317 3608 locis:
341 3551 372 3608 ut
394 3551 558 3627 eooiunput
581 3566 632 3626 per
653 3566 687 3607 se
704 3549 796 3626 ipsura
814 3548 886 3608 idem
903 3547 1064 3625 significet,
1088 3548 1161 3629 quod
1181 3553 1339 3634 1111111113

110 3649 245 3726 gallicum
269 3651 404 3730 jaindre.
458 3649 624 3724 Posterior,
655 3650 735 3709 unice
763 3669 848 3724 vcra,
876 3670 955 3733 qoam
985 3670 1043 3728 ego
1072 3670 1109 3712 ex
1132 3652 1256 3714 Arnoldi
1282 3667 1339 3713 eruo

112 3753 328 3825 commentario,
352 3752 400 3814 ubl
423 3753 471 3834 qni
493 3753 529 3813 ab
549 3750 678 3814 Arnolrlo
696 3753 798 3814 dicitur
817 3755 988 3835 stupratoris
1006 3759 1121 3816 amicus
1140 3767 1260 3832 caeter,
1278 3750 1338 3815 baut

113 3854 199 3916 dubie
222 3854 271 3915 ille
294 3856 358 3935 ipse
380 3860 426 3917 est
448 3856 472 3916 l.
495 3857 541 3917 Fr.
566 3855 746 3918 Gronovius:
777 3861 807 3918 ot
828 3859 967 3919 incidatur
995 3877 1050 3919 oon
1078 3864 1147 3937 post
1176 3858 1337 3922 ardoribus.

112 3957 165 4018 sed
188 3961 256 4037 post
282 3959 481 4038 diacouem,
504 3958 558 4020 bac
580 3961 740 4020 sententia:
764 3956 934 4046 Coptinuum
951 3962 1108 4023 incendium
1126 3961 1175 4024 liat
1193 3981 1233 4024 ex
1250 3965 1338 4041 segete

112 4061 148 4121 ad
171 4059 309 4141 arbores,
332 4068 422 4123 etex
445 4062 595 4123 arboribus
617 4061 652 4121 ad
676 4066 818 4138 segetem.
849 4062 923 4141 Vel,
947 4069 977 4126 ut
995 4083 1052 4141 ego
1072 4064 1168 4144 paullo
1191 4065 1280 4128 dican
1296 4078 1337 4125 ex·

112 4162 266 4242 plicatius,
288 4164 376 4243 prirno
400 4161 474 4226 (lato
496 4165 625 4225 breviter
651 4165 845 4240 Pascuntur,
867 4168 973 4248 inquit,
998 4180 1128 4249 sopores.
1165 4168 1238 4230 Turn
1260 4166 1336 4237 addit,

113 4285 169 4348 qno
193 4266 317 4327 debeant
339 4267 420 4328 modo
443 4269 538 4346 pasci:
570 4268 704 4348 diffusio
733 4286 786 4347 per
812 4268 912 4330 silvanr
942 4272 1109 4354 vineamque
1130 4272 1252 4354 ipoitarc
1274 4283 1337 4335 1111

113 4370 286 4432 transvolat
307 4368 371 4430 soil.
394 4371 422 4430 in
445 4375 583 4448 segetes,
606 4383 636 4433 11
658 4370 835 4448 arboribus,
858 4391 930 4453 quae
949 4375 1001 4434 iam
1019 4375 1136 4448 ardeat,
1159 4377 1254 4439 ordor
1274 4373 1335 4436 11.

113 4473 288 4550 incendium,
317 4476 481 4556 eooiunpat
507 4475 526 4535 l.
556 4493 582 4535 e.
611 4475 714 4556 addat,
744 4478 875 4539 aristus·
919 4474 1010 4538 Unum
1037 4478 1196 4541 incendium
1225 4479 1273 4543 liat
1296 4488 1336 4556 pti
