2948 4986
191 924 1133 1016 ANIMADVERSIONES

639 1147 684 1200 ru

343 1340 347 1346 ’
468 1311 860 1403 DI'RAS.

51 1771 109 1860 De
131 1797 303 1859 carminibus
320 1795 430 1857 Valerii
447 1793 584 1877 Catonis,
607 1796 747 1878 quomodo
770 1800 889 1859 servata
911 1797 986 1876 sint3
1003 1797 1045 1859 ule
1066 1797 1129 1860 vita
1146 1795 1284 1877 Catonis3

53 1904 234 1983 capreolis,
257 1907 287 1978 oi
309 1900 449 1982 quomodo
467 1900 535 1962 illud
559 1902 702 1978 amiserit,
724 1919 780 1981 qua
802 1901 955 1962 occasione
973 1903 1075 1966 Dicas
1092 1901 1229 1981 scripsit,
1248 1902 1286 1964 dc

55 2007 161 2088 reliquis
183 2006 319 2085 scriplis‚
349 2008 381 2065 ul
403 2004 439 2065 de
461 2004 556 2083 Lydia
578 2004 667 2078 libro,
696 2006 777 2065 euius
798 2004 939 2084 particula
963 2010 1069 2067 tantum
1091 2009 1192 2067 exstat
1213 2002 1286 2066 haec

56 2130 124 2190 quun
141 2111 290 2189 Botopam
313 2108 397 2185 dico3
421 2107 456 2168 (le
478 2118 590 2184 genere
608 2108 721 2168 dicendi
739 2105 917 2186 Catonian03
940 2109 977 2170 de
994 2108 1093 2189 libris,
1114 2108 1150 2170 ud
1170 2126 1287 2189 quorum

59 2214 126 2274 ilem
150 2213 327 2274 crurcndeiom
351 2209 488 2272 Catonem
511 2212 649 2272 exirihui:
677 2230 760 2292 quum
782 2210 873 2288 longa
894 2214 934 2275 sit
956 2212 1128 2290 disputatio,
1151 2229 1207 2273 uon
1230 2210 1287 2274 hoo

61 2315 192 2377 licendum
210 2315 275 2377 loco
298 2316 417 2394 putavi,
439 2315 491 2376 sod
510 2316 584 2375 iolra
601 2320 670 2394 post
684 2314 962 2380 Animadversionem
978 2334 1135 2395 proponam
1153 2333 1287 2391 magnum

61 2436 88 2479 ac
105 2422 212 2482 varium
233 2422 445 2496 argumentum,
469 2419 497 2478 in
515 2421 611 2496 capita
626 2418 748 2479 divisum
770 2422 902 2500 quatuor.
931 2419 959 2481 N
962 2437 1015 2480 nuc
1032 2420 1068 2481 de
1084 2421 1193 2494 Diris,
1211 2417 1287 2499 quod

62 2539 157 2584 meroen
180 2525 278 2600 priore
301 2521 364 2583 loco
386 2521 489 2600 posui,
512 2524 542 2582 ut
565 2521 671 2582 caeteri
692 2524 760 2582 ante
781 2539 826 2582 nre
848 2539 962 2593 omnes,
980 2524 1036 2584 etsi
1057 2526 1186 2600 tempore
1207 2521 1288 2599 prior

63 2631 98 2687 esi
116 2628 253 2706 Eelopo,
277 2643 369 2706 pauca
391 2625 562 2704 praciahor,
592 2624 627 2684 ad
651 2623 867 2700 intelligendum
891 2643 1002 2687 cannen
1024 2626 1199 2687 necessarie.
1244 2624 1288 2685 lla

64 2734 116 2789 suni
135 2730 172 2790 de
194 2747 320 2806 genere,
344 2733 375 2791 et
396 2729 432 2789 do
455 2728 680 2789 ooniormatlone
703 2729 851 2806 carminis3
873 2729 993 2790 maxime
1015 2729 1052 2790 cle
1074 2729 1230 2803 Buttaroa
1251 2726 1289 2787 uc

66 2829 248 2912 inscriptione.
292 2833 425 2895 Alterum
448 2850 561 2893 carmen
583 2833 656 2894 salis
678 2848 731 2912 per
752 2849 787 2893 se
808 2831 901 2911 ipsum
922 2831 1049 2912 intelligi
1073 2835 1190 2912 potest,
1212 2828 1289 2893 nullu

66 2938 90 2995 ut
105 2940 282 3015 praefatione
304 2941 402 3012 egeat.

115 3040 243 3101 Nominis
265 3042 370 3115 dirue,
400 3038 474 3120 quod
504 3056 579 3099 nunc
601 3037 774 3099 collectivum
796 3041 861 3116 est,
887 3041 919 3101 ot
946 3039 1022 3128 apul
1045 3038 1198 3121 Apuleium
1219 3035 1289 3098 Vll.

68 3157 90 3216 p.
103 3148 164 3216 itii,
180 3148 211 3204 5.
223 3143 277 3205 IX.
292 3163 320 3222 p.
337 3144 411 3219 221,
422 3147 474 3204 35.
491 3141 537 3203 eu.
557 3139 686 3202 iiimenin.
709 3142 799 3204 diros
822 3143 1017 3219 devotiones,
1036 3143 1112 3221 apud
1126 3143 1237 3204 Livium
1248 3140 1288 3204 X.

71 3263 120 3306 nn.
132 3253 161 3309 3.
177 3249 248 3310 diro
264 3251 455 3322 exsecratio,
471 3266 511 3307 oc
527 3245 646 3325 funale
662 3265 780 3308 carmen
788 3265 803 3323 ,·
825 3263 900 3306 nuno
915 3246 1143 3323 substantivum,
1160 3241 1292 3322 exempla

70 3356 183 3428 quantum
206 3350 280 3411 sctis
304 3351 339 3413 0.
357 3351 515 3412 Putsclrius
539 3350 626 3410 labet
641 3366 672 3428 p.
686 3351 716 3410 ἶ.
731 3367 796 3430 sqq.
815 3367 885 3410 suae
902 3349 1047 3412 editionis.
1069 3366 1163 3429 neque
1180 3363 1292 3423 augere

70 3468 192 3514 umerum
212 3456 328 3515 attinet.
358 3455 508 3515 Poetarum
531 3451 630 3528 loutiS,
652 3471 727 3532 quos
741 3450 891 3513 Arnoldus
905 3453 940 3513 acl
958 3453 1059 3513 nina.
1071 3451 1183 3529 laudat,
1197 3468 1292 3529 appo-

70 3571 124 3618 nere
144 3577 251 3638 operae
274 3557 395 3636 pretinm
418 3558 512 3618 i'uerit.
558 3556 720 3634 Propertii,
742 3553 793 3615 lib.
816 3553 869 3616 lll.
894 3560 973 3617 exlr.

267 3662 340 3723 Has
363 3660 419 3723 tiit
439 3663 560 3742 saluleo
583 3664 693 3723 cecinit
713 3679 780 3721 naeu
799 3661 919 3741 pupiuu
941 3659 1029 3719 diras.

71 3759 180 3845 incili,
203 3764 254 3826 im.
277 3764 316 3826 ΙΙ.
340 3768 416 3826 extr.

275 3869 358 3931 Tune
380 3867 451 3945 riui,
474 3866 563 3945 lena,
583 3885 693 3951 precor
715 3864 804 3926 diras.

73 3965 177 4052 lucani,
199 3970 254 4033 lll.
283 3975 353 4034 126.
381 3977 449 4033 121.

616 4075 824 4157 Crassumque
846 4078 876 4135 io
891 4071 981 4135 ¹brello
1003 4083 1130 4136 secutae

271 4179 377 4241 Saeua
399 4179 576 4241 tribunitiae
596 4187 743 4241 voverunt
762 4177 886 4258 praelio
908 4177 998 4239 dirae.

73 4279 112 4340 uel
131 4282 249 4346 laeum
268 4278 320 4345 Cf.
343 4281 383 4343 ihi
397 4279 532 4361 (lortius,
555 4282 640 4343 ctiam
662 4281 699 4341 de
721 4281 860 4356 dictione,
883 4299 1037 4362 sanequam
1059 4279 1221 4357 singulari,
1238 4298 1297 4342 eo-

72 4398 167 4448 eeruot
188 4387 285 4448 dirue.
330 4387 507 4449 caelestium
525 4387 732 4468 infernumque
748 4387 872 4447 omnium
890 4386 979 4448 dirus
996 4388 1044 4446 est
1061 4386 1089 4444 in
1108 4381 1227 4445 formula
1240 4382 1297 4444 cle-

74 4491 204 4571 uotionis,
227 4508 309 4572 quum
324 4488 462 4567 Scaliger
477 4490 611 4551 innitendo
633 4489 763 4568 effinxit,
786 4489 817 4550 in
834 4488 957 4551 Varron.
973 4507 1003 4569 p.
1021 4494 1072 4549 62.
1090 4487 1189 4549 nescio
1205 4485 1296 4575 unde:
