2948 4986
504 179 980 252 nunonsnunnonmnn.
1283 185 1363 261 293

116 357 220 420 eadem
242 358 306 420 iere
327 355 411 419 innius
433 357 613 440 quaestionis
634 355 750 438 videtaar
763 357 845 418 -ratio
867 362 1061 438 emesenae
1085 354 1193 437 prioris
1208 351 1252 416 'dn
1271 370 1361 434 repe-·

115 462 233 524 titione.
289 463 495 544 donaciones,
524 464 557 523 ut
587 461 756 539 Lucretius,
784 461 849 523 sinc
876 460 1057 523 dubitatione
1092 460 1253 538 geminam,
1272 445 1361 522 'moro

117 564 315 628 Graecorumt
339 565 443 647 quibua
464 565 539 628 addo
563 563 709 628 Catonem.
761 562 904 640 Virgilius
927 569 958 626 et
980 565 1085 626 caeteri
1107 582 1191 646 quum
1212 561 1363 643 abunere,

115 670 154 731 aia
177 670 363 748 geminaudis
386 669 534 750 epithetic
546 667 809 744 solerent‚,taroen
832 671 861 729 et
883 668 939 747 ipsi
952 668 1171 744 geminaverant
1189 656 1359 747 certisqui.

115 773 236 836 busdam
260 774 485 835 conditionibus.
530 771 645 835 Nullum
674 777 743 851 puto
772 771 910 834 eiusmodi
939 771 1098 851 exemplum
1118 770 1251 832 inveniri
1282 769 1358 850 apud

115 875 287 954 Virgilium.
319 876 403 959 quoio
431 882 479 938 est
504 878 532 959 in
557 876 668 938 -Dirisz
695 876 799 939 molitu
826 874 944 957 padule
965 883 1053 951 uota,
1082 874 1156 956 qnod
1169 892 1250 937 -sane
1273 872 1358 935 uobis

115 998 246 1063 qnoque,
270 980 437 1059 Germanis,
460 982 560 1043 nmcio
583 980 650 1066 quid
674 980 795 1041 ieiunum
808 985 912 1041 sonat:
935 979 981 1039 die
994 977 1231 1041 uanebekannte
1241 977 1356 1039 Weide.

113 1083 211 1147 Mete
230 1085 373 1146 Heinsius
395 1086 423 1146 in
446 1086 533 1162 virg.
559 1083 624 1147 nui.
646 1082 702 1145 111.
725 1087 777 1145 38.
821 1081 924 1146 Lenta
946 1081 1056 1166 quidue
1076 1092 1164 1145 torno
1184 1081 1279 1161 faciti
1299 1100 1357 1145 aa·

110 1189 283 1271 peraddite
304 1193 381 1252 vitio
403 1187 544 1269 praetulit
574 1189 734 1266 scripturae
766 1186 871 1248 atteri:
902 1185 1005 1249 neura
1035 1206 1064 1270 q.
1085 1195 1173 1248 torro
1191 1185 1304 1267 facilia
1326 1205 1355 1269 a.

112 1296 204 1355 vitis.
251 1289 359 1355 Contra
381 1292 451 1354 nihii
473 1291 641 1354 offensionis
663 1288 772 1350 hahent
793 1285 883 1350 talia:
904 1310 968 1352 aaa
989 1291 1116 1353 torrida
1137 1292 1223 1353 acies
1244 1287 1357 1357 Volca-

111 1403 185 1472 aa’a,
210 1397 297 1473 Virg.
322 1396 400 1458 Aen.
420 1396 461 1458 ·X.
486 1401 559 1457 408.
605 1395 676 1456 an
699 1413 796 1456 aurea
812 1397 906 1476 τίμα,
929 1393 1138 1472 Propero-lv.
1159 1413 1200 1470 v,
1223 1397 1277 1454 21.
1299 1410 1356 1455 non

112 1501 210 1577 nangis
232 1518 314 1580 quam
343 1500 417 1578 apud
447 1517 522 1559 nos:
551 1497 599 1559 die
620 1495 748 1574 gnidene
769 1495 921 1559 Ostiensis.
964 1495 997 1558 la
1020 1496 1177 1560 Sarntcnius
1199 1496 1355 1558 Animadv.

110 1605 141 1665 ia
165 1603 285 1664 Hieron,
313 1600 431 1663 Balbum
464 1600 522 1662 eni.
555 1606 647 1663 1803.
682 1601 730 1662 uhi
763 1601 800 1662 de
828 1602 972 1681 Propertii
1000 1600 1067 1662 ioco
1088 1599 1144 1665 111.
1165 1624 1199 1663 u.
1215 1597 1299 1676 (ω’.)
1323 1605 1355 1664 0.

107 1727 305 1791 papamque
325 1709 486 1768 sinistram
507 1707 713 1781 Caucasea,
736 1706 765 1766 in
788 1723 844 1787 qno
864 1704 1184 1775 Cannarumtentnisat
1200 1704 1354 1768 Heinsius:

110 1812 172 1875 Me
193 1829 266 1874 cern
288 1815 431 1892 pemiauaa
452 1811 602 1894 epitheton
611 1812 625 1886 ,ἶ
644 1829 709 1871 cum
731 1809 859 1872 alterum
880 1829 983 1872 manaa
1000 1812 1155 1892 proprium
1172 1819 1240 1885 ent,
1255 1811 1354 1874 miuus

110 1915 258 1999 effendit.
302 1913 410 1975 Verum
431 1932 470 1975 ne
492 1916 557 1996 quis
578 1915 607 1974 in
629 1915 741 1975 nomine
762 1914 881 1992 proprio
895 1915 993 1975 inesse
1012 1915 1176 1990 existimet,
1199 1913 1274 1994 quod
1297 1932 1355 1975 ex-

110 2022 197 2084 cuset
216 2019 455 2096 geminationem,
477 2017 536 2080 iate
559 2022 639 2097 patet
661 2015 717 2078 hnc
739 2035 844 2094 genus.
890 2015 929 2079 nt
950 2018 1005 2078 vix-
1025 2016 1191 2095 inteiligas,
1213 2016 1354 2098 quomodo

109 2123 217 2206 aliquis
239 2130 288 2185 aot
311 2123 476 2202 uituperare
498 2123 640 2202 potuerit,
662 2123 711 2181 aut
733 2118 854 2196 regniac
876 2120 912 2182 de
934 2139 990 2183 non
1012 2123 1192 2199 genuinandis
1214 2119 1355 2201 epithetis

109 2245 262 2309 opponere
290 2226 359 2288 talia
373 2245 380 2286 :
396 2225 582 2311 ¹Paucaque
612 2227 731 2307 pomoai
764 2226 873 2303 impera
902 2224 987 2286 culta
1017 2225 1095 2303 soii,
1127 2223 1216 2301 Eieg.
1246 2225 1275 2285 in
1303 2223 1353 2285 nh.

110 2331 295 2395 Maecenatis
316 2349 347 2390 v.
371 2329 422 2391 nt.
446 2331 547 2392 tieem
567 2328 741 2412 peaiadidua
770 2329 847 2391 attia
873 2329 982 2392 Aurea
1005 2329 1113 2410 federa
1140 2333 1238 2403 toria,
1264 2327 1353 2404 Virg.

110 2435 192 2501 Aen.
215 2433 269 2498 Vl.
293 2440 365 2496 003.
395 2433 509 2515 infelix
535 2437 655 2497 damma
683 2453 771 2518 parum
792 2433 940 2513 adparuit
961 2437 1067 2514 imperas
1088 2433 1240 2508 naama,
1264 2432 1352 2508 virg.

110 2540 193 2603 Aen.
208 2535 277 2600 Xll.
300 2542 374 2599 nol.
396 2547 507 2601 castras
530 2541 682 2601 notamus
704 2541 786 2600 vitta
807 2541 908 2598 crines
932 2537 1052 2600 addente
1066 2537 1240 2613 cocardus,
1255 2533 1352 2597 >omn

110 2645 234 2708 dietam.
256 2643 326 2706 XV.
347 2645 418 2703 oio.
437 2649 466 2704 0.
501 2643 577 2704 ·Νοη
600 2642 743 2704 contendo
765 2641 818 2704 sic.
831 2640 1000 2702 scribendos
1020 2657 1090 2701 esse
1111 2639 1166 2702 hos
1187 2638 1270 2701 iocos
1290 2657 1354 2701 our-

110 2766 189 2810 nes:
211 2745 347 2817 laudavi,
371 2751 402 2808 ut
423 2747 524 2824 scripti
547 2747 706 2806 atteruntur
727 2764 745 2805 a
767 2743 884 2806 Giisnio
908 2748 937 2806 et
959 2743 1150 2806 Bronlrhusio.
1195 2744 1260 2806 Hoc
1282 2761 1354 2805 eon-

111 2851 217 2923 anuo,
249 2850 384 2930 potuisse
405 2850 445 2911 ita
466 2867 485 2909 a
505 2851 602 2928 poetis
622 2849 730 2926 scribi,
758 2849 869 2930 absque
890 2848 1058 2910 offensione.
1103 2848 1225 2912 Scilicet
1246 2849 1288 2910 ita
1307 2849 1355 2910 est

111 2958 140 3018 in
164 2954 213 3015 his
235 2952 310 3015 iocis
332 2957 432 3015 natura
455 2954 646 3033 epithetorum
669 2953 802 3029 diversa,
824 2957 856 3014 ut
878 2953 934 3015 duo
955 2971 1026 3015 esse
1046 2952 1132 3033 piano
1153 2971 1209 3015 non
1228 2951 1354 3015 animad-

111 3063 266 3121 vertntur:
289 3076 373 3118 unum
395 3074 516 3126 ornans,
540 3056 660 3118 aiterum
683 3074 745 3118 oum
768 3057 911 3119 sententia
932 3058 1040 3118 arctius
1062 3052 1252 3119 coniunctum.
1290 3057 1356 3120 Hoc

111 3160 395 3245 quoquevertendn
418 3160 567 3222 declarare
582 3160 652 3222 iicet
662 3163 849 3238 germanice:
872 3159 1162 3238 hohesPraointinett,
1183 3159 1234 3222 der
1246 3179 1355 3239 grosse

113 3266 360 3344 Ungiiicksgurtg
391 3283 554 3346 quamquam
577 3264 677 3326 meiius
700 3265 774 3344 apud
798 3268 911 3344 poetam
933 3263 1047 3326 latinum
1069 3267 1159 3344 primo
1182 3263 1247 3326 ioco
1269 3266 1355 3342 poni-

113 3377 163 3434 tnr
184 3370 313 3452 infeliu,
337 3371 416 3431 utin
439 3388 496 3450 qno
519 3372 566 3429 via
588 3373 635 3430 est
657 3370 828 3430 sentcntiae.
872 3369 980 3430 Eodem
998 3365 1228 3430 modnGntuiius
1249 3369 1276 3428 in
1293 3366 1354 3429 Co-

111 3490 159 3539 nna
181 3475 286 3535 Boreo.
304 3477 357 3536 85.
380 3473 475 3536 litias
497 3474 538 3536 ad
559 3474 644 3538 mala
666 3475 749 3535 doma
770 3472 850 3535 leuis
874 3473 958 3534 tanat
978 3475 1070 3533 irrita
1087 3471 1219 3553 potua:
1242 3470 1291 3532 uini
1308 3475 1354 3532 ir-

113 3584 179 3642 rita
201 3582 248 3640 est
268 3586 303 3640 ut
323 3577 402 3659 fiant
418 3581 524 3641 irrita.
569 3576 629 3639 Sed
653 3574 793 3640 Catulinae
816 3579 885 3655 puto
908 3576 1004 3649 exiis
1024 3593 1110 3653 esse,
1132 3575 1179 3656 qui
1200 3576 1286 3635 etiam
1308 3573 1355 3634 ui-

114 3687 160 3746 tra
181 3681 257 3743 hane
278 3681 467 3743 conditionem
490 3681 704 3758 geminaverint
733 3678 871 3758 epitheta.
914 3678 984 3741 Adia
1006 3681 1080 3741 ratio
1101 3681 1148 3741 est
1169 3676 1225 3742 ioci
1247 3677 1355 3754 Virgi-

114 3784 185 3849 iiani
209 3803 227 3847 e
249 3785 359 3867 Georg.
382 3785 437 3848 lv.
461 3792 534 3849 330.
562 3787 768 3869 Somnusque
798 3802 915 3846 unauna
943 3783 1122 3866 Hypanin„
1138 3782 1188 3844 nni
1217 3802 1355 3845 saansaan

114 3889 325 3954 adverbialiter
346 3888 557 3968 accipiendum,
585 3890 702 3968 poetice
708 3926 724 3966 ,-
748 3906 802 3968 pro
824 3905 991 3950 comeum:
1019 3890 1050 3950 nt
1076 3886 1156 3950 lenia
1185 3892 1355 3968 crepitans,

110 4012 170 4077 pro
192 3995 302 4056 leuiter
322 3991 372 4054 vei
395 3994 478 4070 leae,
502 3993 624 4055 rieneid.
643 3992 696 4055 111.
713 3998 765 4056 an.
809 3991 897 4054 Utiiis
919 3993 1004 4053 eiiam
1020 3990 1152 4054 Sentenii
1169 3992 1196 4052 in
1216 3990 1255 4053 H.
1271 3990 1357 4052 naim

109 4116 236 4160 uersum
269 4099 322 4160 Sic
344 4104 399 4159 tau
428 4099 528 4176 formu
552 4098 664 4161 decena
687 4078 777 4178 leupo
798 4097 959 4159 vitiabitur
980 4114 1075 4172 aeon,
1105 4093 1161 4156 coi.
1186 4100 1279 4157 1807.
1301 4096 1356 4156 ad·
1464 4174 1466 4181 Ι

108 4202 254 4264 monitio:
277 4201 370 4264 Naso
392 4200 467 4277 ΙΙΙ,
494 4202 590 4264 Trist.
614 4222 676 4280 vu,
690 4210 752 4263 ·33.
783 4202 855 4264 Iota
877 4203 988 4264 decena
1009 4201 1113 4280 facien
1134 4201 1236 4282 laepia
1257 4203 1356 4261 citia-

108 4308 200 4370 ditar
220 4309 324 4367 aonia.
369 4304 532 4381 Observa,
556 4325 621 4368 oum
642 4309 793 4388 epitheton
815 4305 943 4368 alterum
962 4316 1013 4368 eat
1032 4322 1207 4387 pronomen,
1220 4307 1355 4383 permina·

106 4414 195 4476 'tioai
222 4411 298 4471 attat
324 4413 449 4489 iriense,
485 4410 567 4492 cuod
598 4411 816 4493 reprehendam
870 4407 1022 4473 Oredimus
1050 4409 1115 4470 aino
1143 4409 1174 4470 in
1195 4405 1250 4468 huo
1271 4407 1355 4486 poesi

107 4528 200 4601 'quau
232 4513 355 4578 maine
384 4517 526 4579 uersatur
559 4514 617 4579 atsi
642 4530 700 4579 non
726 4523 819 4598 saepe
842 4512 991 4581 aetalia
1020 4510 1125 4593 iream
1149 4510 1258 4577 munbi
1278 4510 1354 4596 apud
