2948 4986
421 167 522 232 vien
543 165 722 234 undenis
746 166 802 233 ΕΤ
822 164 1009 236 SCRIPTA·
1202 176 1203 180 ’
1248 175 1332 247 W!

92 346 211 418 exstat,
235 341 457 423 luvonlieopus
479 341 723 425 luissequr’am.
768 341 801 405 ld
823 342 960 405 brevitati
982 342 1157 413 tribuendum
1179 345 1225 406 cst
1247 341 1326 407 Suo-

90 450 177 512 tonii.
223 449 276 510 Sic
297 447 447 528 aliquando
469 448 516 529 qui
538 452 606 527 post
627 436 754 525 tempora
775 451 874 508 nostra
895 447 1013 509 brevem
1030 448 1227 510 'recensionem
1249 467 1326 528 poc-

90 559 185 615 tarum
216 551 444 614 Germanicorum
477 550 572 627 dabit,
606 550 635 610 in
662 549 803 629 Goetbio,
836 548 969 627 nonnulla
997 552 1144 630 praefatus
1172 551 1209 613 de
1234 554 1328 632 patria

89 656 159 717 elus
185 659 272 736 atque
299 655 427 732 origine,
460 652 656 733 Iphigeniam,
685 652 857 734 Lugeniam,
886 651 1076 714 Godoiredum
1104 655 1199 717 ferreo
1228 673 1326 736 manu,

89 757 150 821 aba
173 756 396 839 praeclarissimi
419 758 529 834 ingenii
552 762 744 834 monumenta,
767 775 823 819 non
845 757 1001 818 observata
1022 759 1325 840 temporum-ratione,

89 846 280 940 recensebit3
302 860 388 922 addet
408 864 559 940 praeterea
588 861 713 922 eumdem
734 861 770 922 dc
793 857 937 922 coloribus
966 860 1120 922 doctrinam
1142 879 1219 923 nove
1240 867 1326 944 atquc

89 965 252 1043 ingeniose
273 963 450 1026 illustrasse:
481 982 536 1025 uon
559 966 656 1026 codem
680 966 771 1026 omnio
792 968 918 1041 tempore
940 963 1050 1042 scripta
1071 981 1154 1043 esse,
1183 966 1237 1027 sed
1258 984 1327 1028 esso

89 1087 177 1139 noum
202 1087 275 1147 opos
296 1068 333 1129 ab
362 1070 466 1130 iuvene
494 1067 616 1132 Goetbio
645 1067 832 1141 elaboratum,
860 1065 916 1127 alia
946 1066 981 1128 ab
1016 1068 1096 1146 viro,
1124 1071 1155 1130 et
1185 1073 1327 1148 provecta

89 1175 212 1250 aetate,
246 1172 301 1234 boc
330 1172 487 1234 lectoribus
519 1173 580 1233 suis
602 1170 743 1257 relinquet
764 1174 796 1233 ul
817 1174 998 1248 cognoscant
1018 1172 1085 1234 slve
1105 1169 1236 1250 aliunde,
1259 1173 1326 1236 sivo

89 1294 130 1338 ex
154 1279 230 1356 ipsis
253 1275 367 1338 Goctbii
390 1277 517 1355 scriptis.

159 1381 292 1462 Lydium
313 1379 411 1440 librum
435 1378 607 1458 deperditum
630 1397 698 1441 csse
719 1396 817 1440 omnes
846 1375 1003 1457 putabant,
1033 1395 1067 1439 ac
1093 1379 1219 1443 fortusse
1240 1380 1326 1443 etiam

89 1501 168 1547 nnnc
191 1486 342 1563 putarent,
367 1481 422 1543 nisi
444 1481 607 1561 praeclaro-1
623 1485 748 1544 acumine
778 1482 940 1543 Friderlous
961 1480 1112 1543 lacobsius
1146 1481 1210 1545 ioco
1239 1503 1327 1564 supra

89 1587 210 1650 laudato
233 1605 386 1666 superesse
404 1585 567 1665 particulam
583 1586 695 1665 Lydiae
709 1584 781 1647 baud
796 1587 929 1662 exiguam
945 1584 1079 1646 vidisset.
1122 1586 1231 1667 Nempe
1243 1607 1326 1671 quum

89 1691 360 1759 animadvertisset,
384 1690 420 1750 de
443 1709 497 1770 quo
520 1691 573 1751 iam
595 1691 754 1769 expositum
778 1694 823 1751 est.
843 1689 923 1750 ilias.
934 1685 958 1751 1.
981 1688 1055 1769 qood
1077 1685 1170 1767 vulgo
1191 1692 1221 1755 in
1242 1690 1327 1754 libris
1389 1680 1395 1689 ’

89 1813 208 1858 cannen
231 1798 328 1856 exstat
349 1795 500 1855 Dirurunr
521 1793 649 1871 nomine,
673 1812 728 1856 non
751 1812 832 1854 unum
855 1810 964 1854 carmen
979 1809 1064 1866 esse,
1088 1792 1141 1854 sed
1156 1792 1230 1873 dae,
1252 1814 1327 1878 quo-

89 1919 154 1961 rum
176 1896 407 1979 alterunm‘quod
430 1915 448 1958 a
469 1914 556 1958 versu
574 1903 643 1959 104.
665 1899 782 1976 incipit,
798 1895 866 1957 nibil
884 1915 943 1957 com
957 1895 1048 1959 Diria
1062 1896 1329 1980 comum-babel,

89 2001 149 2064 boc
171 2001 289 2063 alterum
313 2019 438 2076 carmen,
461 2000 588 2062 adhibito
608 1999 740 2062 Suetonii
757 2000 839 2076 loco,
863 1999 898 2060 ad
921 1999 1051 2082 Lydiam
1072 1999 1172 2061 librum
1193 2003 1326 2066 relerent-

89 2107 158 2168 dum
180 2123 249 2166 esse
272 2105 408 2182 coniecit,
442 2103 491 2165 vel
516 2106 614 2184 potius
638 2105 824 2166 monstravit:
855 2105 902 2163 est
929 2101 1002 2162 enim
1025 2103 1189 2168 coniectore
1210 2123 1249 2168 ex
1271 2108 1326 2188 iis,

89 2227 168 2292 quae
196 2198 326 2268 omnibus
353 2226 421 2268 sese
448 2207 628 2286 approbant,
659 2225 740 2289 quom
771 2207 888 2286 primum
915 2205 1082 2284 propositae
1110 2214 1187 2270 sont.
1230 2207 1327 2287 igitur

89 2312 166 2375 boec
189 2317 250 2387 est,
274 2330 353 2391 quam
381 2310 529 2391 Eclopam
550 2332 568 2372 c
589 2310 696 2393 Lydio
725 2310 852 2381 dicimus.
896 2307 968 2370 Nam
990 2308 1065 2388 quod
1087 2309 1171 2371 alicui
1194 2312 1222 2374 in
1244 2333 1325 2375 mon-

89 2423 150 2480 tem
171 2415 274 2491 veuit,
299 2418 384 2475 totam
409 2413 539 2496 Lydiam
566 2432 647 2474 unum
678 2431 786 2475 carmen
816 2411 927 2487 titisse,
961 2413 1046 2492 atquc
1077 2410 1133 2474 boc
1165 2433 1233 2478 esse
1255 2416 1325 2480 illud

89 2536 224 2590 armen,
247 2517 321 2600 quod
343 2518 378 2578 ad
401 2536 455 2578 nos
472 2519 621 2596 pervenit,
644 2516 764 2578 'iicidae
778 2515 876 2579 verbis
898 2513 1054 2595 refellitur,
1073 2515 1194 2599 Lydio,
1218 2521 1324 2584 docto.

89 2644 155 2687 rura
175 2625 306 2684 monimo
335 2643 410 2684 curu
439 2621 537 2685 liber:
569 2638 624 2681 non
653 2621 728 2702 quod
758 2637 861 2696 negem
890 2617 997 2680 librum
1026 2619 1165 2700 appellari
1191 2626 1324 2702 potuisse

89 2745 206 2790 carnmn
227 2727 377 2802 octoginta
398 2742 547 2787 versuum:
571 2723 622 2784 sed
646 2723 720 2805 quod
733 2723 879 2806 Lydium,
903 2723 929 2783 si
950 2721 1006 2784 boc
1029 2741 1084 2784 uno
1107 2727 1228 2789 carmine
1250 2746 1323 2790 con-

89 2833 234 2914 stitisset,
256 2849 359 2892 curum
380 2829 470 2888 fuisse
492 2828 644 2890 doctorum
664 2830 838 2903 monimum,
859 2827 889 2887 ld
913 2830 974 2904 est,
997 2830 1029 2887 ut
1049 2826 1123 2890 benc
1144 2828 1200 2891 boc
1218 2830 1323 2893 Marin-

89 2933 193 2996 loodus
221 2931 256 2994 ad
280 2933 365 2994 Statii
390 2931 466 2994 Silr.
490 2930 529 2992 V.
553 2954 597 2991 111.
622 2934 674 2993 ud,
697 2932 917 3010 interpretatur,
940 2948 1061 2994 araurem
1083 2933 1244 3011 maximum,
1266 2953 1324 3016 pa-

89 3057 149 3100 rom
171 3037 321 3117 probabile
343 3041 398 3098 est.
442 3035 597 3097 Praeterea
617 3035 674 3097 boc
695 3053 806 3096 carmen
827 3037 952 3095 nostrum
970 3034 1010 3094 ito
1023 3033 1116 3113 ipsum
1132 3042 1322 3118 comparatum

89 3148 154 3214 est,
178 3146 209 3203 ut
230 3140 287 3201 alia
308 3141 508 3220 praecessisse
537 3141 680 3217 carmina,
713 3136 767 3199 alia
796 3142 917 3219 sequuta
945 3155 1012 3197 esso
1039 3141 1187 3216 appareat.
1231 3140 1321 3224 Quem

88 3246 164 3307 eninr
186 3247 299 3323 poetam
321 3247 376 3304 tam
399 3243 531 3304 disertum
555 3244 585 3303 et
607 3246 661 3304 mm
684 3239 860 3323 querelarum
890 3240 1045 3300 i'ecundum
1064 3241 1207 3320 videmus,
1237 3264 1320 3325 quum

89 3346 240 3429 aliquando
263 3346 411 3408 carendum
434 3351 514 3407 essct
537 3344 722 3407 contubernio
751 3343 880 3422 Lydiae,
914 3361 976 3403 eum
1003 3358 1058 3404 neu
1086 3346 1141 3404 tum
1174 3347 1317 3428 tacuisse,

89 3469 171 3533 quum
194 3456 256 3513 erat
277 3451 350 3529 apud
369 3451 502 3528 Lydiam,
527 3448 578 3510 sed
601 3448 776 3527 voluptatem
799 3447 1020 3528 felicitatemque
1041 3465 1119 3508 suano
1141 3449 1318 3527 commisisse

89 3553 193 3617 bdlbns
214 3554 364 3616 credimus.
410 3546 505 3636 Quid?
527 3553 600 3634 quod
623 3551 688 3631 ipse
710 3551 765 3613 boc
787 3552 948 3629 significat,
971 3549 1316 3636 commessuris.)

308 3657 366 3720 Ἐἰ
386 3679 453 3719 mea
474 3657 628 3720 submissu
648 3656 808 3720 meditatur
830 3657 964 3716 earmina
984 3671 1069 3716 voce.

152 3761 216 3825 Hoc
238 3766 342 3841 sponte
363 3759 500 3839 intelligit
523 3761 660 3843 quisque,
682 3777 764 3840 quum
786 3761 848 3820 tota
860 3757 953 3836 Lydia
972 3743 1040 3819 ante
1054 3757 1231 3820 omissionem
1248 3764 1316 3840 agri

89 3866 196 3946 surpra
222 3867 323 3943 luerit,
353 3867 444 3927 luisse
470 3866 551 3927 etiarn
584 3865 729 3944 Eeloqum
756 3865 880 3924 nostram
910 3865 975 3922 ante
998 3857 1174 3921 amissionem
1196 3865 1261 3942 agri
1285 3870 1315 3931 et

89 3975 152 4031 aree
172 3970 277 4032 Diras
299 3971 443 4050 scriptam.
487 3970 557 4030 birat
578 3969 668 4045 igitur
689 3971 755 4029 anic
784 3967 886 4029 Diras
915 3963 1096 4043 collocanda,
1124 3966 1151 4026 si
1181 3966 1313 4035 librarius

89 4070 135 4134 llio
155 4074 316 4137 observare
338 4074 461 4137 ordinem
483 4075 637 4150 temporum
659 4058 810 4132 rolulsset.
854 4069 981 4143 Deinde,
1004 4069 1078 4150 quod
1099 4069 1202 4152 aliquis
1225 4092 1312 4155 quac-

89 4181 144 4255 rae,
167 4180 278 4261 quinam
300 4178 449 4254 allegor,
472 4177 499 4235 in
521 4193 577 4257 quc
599 4177 810 4236 commorantem
832 4173 950 4252 Lydiam
971 4171 1091 4251 puellam
1114 4175 1235 4257 Ecloqa
1257 4180 1311 4240 de.

89 4281 205 4357 scribit,
228 4281 281 4342 lam
303 4280 467 4360 planissima
489 4279 570 4340 nobis
588 4282 688 4357 parata
703 4282 749 4340 est
765 4277 927 4355 responsio.
970 4275 1080 4355 Nempe
1098 4275 1217 4340 Catonis
1236 4298 1311 4358 ager

89 4371 149 4462 eat,
172 4385 246 4446 idem
268 4403 348 4467 quem
371 4389 474 4464 postea
495 4384 626 4444 omissum
647 4383 739 4444 Diris
758 4381 890 4443 devovit.
932 4379 1028 4441 Probo
1052 4398 1105 4459 eo,
1128 4383 1200 4463 quod
1223 4402 1309 4462 supra

89 4505 123 4555 ex
143 4488 224 4568 Diris
254 4488 462 4570 demonstrari,
495 4485 633 4551 Catonem
658 4471 756 4550 secum
784 4483 921 4547 babuisse
947 4483 1065 4563 Lydiam
1093 4484 1123 4545 in
1148 4502 1221 4564 agro
1243 4507 1307 4560 suo.

159 4606 280 4659 Valerius
297 4605 368 4659 (lato.
1056 4575 1106 4644 17
