2948 4986
431 172 530 238 Vl'l'rl
554 172 810 239 conuulsum
837 171 1027 241 suminus.
1113 244 1116 251 ,
1280 179 1359 252 273

314 346 402 412 nam
423 349 482 410 aar
502 331 628 430 snm...
641 349 770 430 ferun,
800 354 831 412 e
851 349 1144 439 ..memmimus

315 452 452 534 Virginis
474 453 662 533 adsipaaotr
686 453 764 530 ulit,
787 472 845 537 paro
868 444 974 524 notior,
987 472 1096 530 essen,

308 555 496 639 Dictynnam
519 557 625 618 dicere
645 564 696 619 tuo
719 557 758 619 dc
778 561 893 619 nomine
913 556 1044 619 Lunam.

113 660 265 744 Aphaeae
286 677 326 721 ex
357 659 505 739 praeclara
534 660 749 731 emendatione,
779 678 860 742 quam
892 661 1018 740 primus,
1050 661 1080 721 ut
1107 658 1237 737 vitetur,
1267 657 1355 723 huns

113 763 304 839 Parrhasius,
334 767 403 843 post
433 763 615 825 Parrhasium
643 763 703 825 lac.
729 763 867 824 Nicolaus
899 763 1037 838 boensis,
1068 766 1098 826 cl
1126 765 1195 842 post
1221 761 1297 825 buno
1318 764 1353 826 P.

112 865 283 946 beoparulus
306 871 336 929 et
359 866 494 944 Scaliger
516 852 655 934 fecerunt.
700 864 798 948 Vulgo
821 871 941 928 numina
956 867 1093 953 ptocoe,
1117 872 1147 927 et
1169 867 1213 927 sio
1235 869 1354 929 veteres

113 971 167 1032 mei
192 987 310 1046 omnes,
335 968 450 1030 Veneto
473 968 585 1045 Rubel,
601 970 773 1042 vicentina,
792 970 956 1031 Vossianus
974 967 1013 1030 ll.
1031 973 1060 1030 et
1077 968 1273 1046 basileensis,
1294 971 1353 1032 nisi

112 1075 188 1156 qnod
213 1075 240 1135 in
264 1073 336 1150 boc,
365 1077 398 1135 ut
419 1071 628 1154 solempnem
656 1071 774 1154 legitur.
808 1071 924 1148 ¹Ilioneo
953 1077 1052 1134 contra
1073 1073 1301 1134 Friesemounum
1323 1077 1355 1137 et

111 1177 273 1256 lleyolum‚
297 1178 345 1259 qui
366 1179 489 1238 numina
512 1177 638 1257 Apleoe
666 1161 783 1237 esseio
807 1190 859 1236 ms.
879 1175 1043 1261 ¹basileensi
1068 1179 1193 1237 narrant.
1234 1177 1353 1258 placas

110 1283 197 1344 etiam
218 1280 340 1358 legebat
361 1280 535 1359 Pomponius
565 1264 702 1342 Sabinus.
736 1281 841 1350 *Versu
870 1267 932 1361 seq.
962 1283 1110 1360 acciperat
1137 1279 1251 1344 Veneta
1272 1282 1351 1344 Rub.

110 1386 263 1465 adsignat
298 1382 389 1446 Basil.
419 1386 589 1463 assignant.
622 1384 739 1446 Viccnt.
762 1386 792 1446 et
814 1383 907 1445 Voss.
928 1381 967 1444 Π.
1013 1383 1138 1448 Caetera
1158 1384 1251 1467 proba
1273 1388 1360 1448 sunt.

110 1486 307 1569 Supplendum
341 1492 387 1549 est
415 1488 487 1550 tibi:
522 1488 674 1568 assignant
695 1487 757 1548 ‘tibi
787 1488 898 1548 numina
925 1485 1068 1565 Aphaeae
1095 1482 1240 1567 mbo,
1270 1488 1299 1552 b.
1323 1507 1350 1552 c.

109 1593 192 1654 rleam
215 1598 262 1671 te,
295 1590 437 1672 Aphaeae
458 1592 584 1668 virginis
606 1592 733 1666 nomine,
764 1592 880 1652 iaciunt.
924 1590 992 1651 Non
1014 1606 1088 1670 opus
1110 1595 1141 1653 ot
1161 1610 1266 1654 nomen
1289 1610 1350 1654 cum

108 1695 233 1757 Nicolao
252 1695 359 1757 boensi
382 1700 412 1756 et
434 1694 650 1772 P.Loopardo,
674 1700 723 1755 aut
744 1713 846 1757 nomen
867 1693 953 1771 legas
976 1712 1037 1755 cum
1060 1695 1226 1773 Scaligero.
1271 1696 1351 1758 Ver-

108 1817 170 1859 sum
194 1803 268 1861 305.
297 1799 432 1877 lleynius
459 1800 500 1860 ita
530 1790 681 1859 tentabat:
713 1800 899 1881 Dictynnam
920 1799 1051 1876 dicere,
1084 1810 1136 1861 tuo
1158 1800 1196 1862 de
1218 1803 1350 1878 nomiae,

107 1900 213 1964 buna.
236 1920 332 1980 parum
356 1900 501 1963 feliciter:
534 1901 705 1980 Dictynnam
728 1901 897 1980 appellatam
920 1919 989 1963 esse
1011 1901 1133 1981 pucilam
1156 1902 1231 1965 illam
1255 1924 1272 1965 a
1294 1923 1351 1965 no-

107 2007 184 2065 mine
205 2005 296 2083 deae,
319 2022 418 2080 nemo,
437 2004 511 2086 qnod
532 2004 637 2079 sciam,
653 2005 779 2066 tradidit.
825 2004 889 2065 lloc
907 2004 991 2080 dicit,
1005 2005 1118 2084 puellae
1132 2025 1231 2069 nomen
1253 2013 1351 2070 trans-

107 2107 195 2170 latum
218 2109 335 2168 esseio
357 2108 445 2170 deam.
492 2104 686 2190 Quaerebam,
708 2125 745 2169 an
766 2111 842 2171 forte
864 2107 913 2169 bic
928 2114 1015 2186 pocta
1029 2105 1166 2171 Catonem
1180 2112 1350 2190 respiceret.

108 2211 169 2274 Sed
194 2215 325 2289 praestat
347 2210 383 2272 de
406 2210 533 2271 diversis
556 2211 724 2272 civilatibus
747 2213 813 2274 sive
835 2211 970 2291 populls,
993 2230 1108 2294 quorum
1130 2211 1179 2274 bio
1201 2214 1351 2292 Apbaeam

108 2315 251 2390 coluerit,
274 2314 323 2375 ille
341 2315 532 2393 Dictynnam,
551 2314 679 2392 intelligi
690 2360 709 2391 ,Α
723 2319 753 2378 ut
770 2317 839 2377 tacit
857 2315 1002 2392 Scaliger.
1024 2316 1123 2393 Pergo
1136 2316 1170 2377 de
1182 2318 1351 2400 Dictynna.

108 2418 218 2493 Poeta,
242 2419 321 2479 cuins
345 2437 443 2478 nonren
468 2419 566 2479 doceri
590 2418 695 2498 velim,
724 2420 778 2482 scd
800 2420 914 2482 videtur
934 2408 1080 2500 posterior
1102 2418 1240 2497 Augusto
1264 2439 1351 2501 csse,

107 2523 184 2602 apud
210 2523 309 2602 Sosip.
333 2518 493 2582 Charisinm
516 2521 569 2582 lV.
593 2526 667 2584 ²54.

326 2624 437 2698 Luna,
461 2627 547 2688 mum
570 2647 651 2709 poue
672 2627 744 2688 solu
765 2626 855 2689 videa
876 2627 1017 2708 periuria
1037 2627 1134 2707 vulpi,

325 2729 402 2791 Sive
423 2730 542 2791 Hecate
563 2734 680 2807 mavis,
704 2751 760 2794 eeu
780 2741 814 2793 tu
836 2732 995 2813 Dictynna
1016 2733 1145 2808 vocari,

324 2833 396 2894 Hac
418 2833 578 2896 descende.

107 2939 162 3001 Sic
186 2936 346 2998 emendavi.
390 2937 477 3016 Apud
498 2937 684 2998 l’utschium:
707 2939 768 3001 sm
791 2939 902 3000 Creten
923 2940 1043 3018 mepte,
1067 2958 1123 3000 eeu
1144 2946 1178 3000 tn
1191 2940 1351 3023 Dictynna

106 3045 245 3105 vocaris.
294 3040 349 3122 Qui
381 3043 550 3103 tractaverit
580 3060 712 3118 versum,
740 3042 808 3102 novi
837 3042 972 3102 neminem
1000 3045 1116 3120 praeter
1155 3042 1186 3104 Ι.»
1202 3044 1349 3137 Nicolaum

106 3145 248 3207 boensem
274 3144 423 3224 Epipbyll.
448 3143 529 3207 vili.
560 3167 662 3206 xxvn.
685 3163 702 3206 a
725 3164 780 3228 qno
802 3145 846 3205 sic
869 3146 996 3224 scriptus
1018 3144 1155 3207 affertur:
1185 3148 1247 3210 Seu
1270 3149 1349 3211 Cre-

106 3252 303 3312 raeatmaots
313 3291 325 3324 ‚
357 3270 412 3311 eeu
434 3259 467 3310 tu
490 3250 649 3330 Dictynna
670 3252 789 3310 uocari.
833 3246 930 3308 Facile
952 3249 1073 3329 quisque
1094 3248 1348 3328 pharmaceutriam

105 3352 184 3434 loqui
208 3354 367 3431 coniiciat·
394 3351 528 3432 Denique
550 3354 731 3412 conterantur
753 3349 887 3413 Tibullus
909 3348 933 3410 1.-
957 3370 999 3412 1v.
1023 3354 1074 3412 25.
1099 3353 1147 3413 nbi
1166 3355 1196 3414 ‘in
1221 3351 1347 3416 Colbcr-

105 3457 167 3518 tino
189 3440 382 3529 Broubbusll,
406 3461 436 3518 el
458 3458 584 3516 tortasse
605 3454 687 3529 aliis,
711 3455 837 3530 Diana,
860 3455 888 3513 io
911 3453 977 3514 aliis
999 3456 1146 3532 Dictina,
1174 3475 1293 3535 prorsus
1317 3463 1347 3520 ut

104 3560 180 3640 apurl
204 3559 393 3641 Suetonium3
414 3557 538 3620 Ovidius
562 3555 753 3636 ilietamorpb.
777 3554 815 3616 li.
841 3558 925 3639 lli.¹
957 3555 1068 3618 Statius
1089 3556 1185 3621 Theb.
1204 3558 1259 3620 lx.
1271 3564 1345 3624 632.

101 3661 151 3727 De
175 3663 267 3724 Luna
289 3660 442 3740 Dictynna
457 3664 495 3721 ci.
519 3664 545 3722 si
567 3661 688 3740 placet,¹
702 3661 807 3721 Festus
829 3661 989 3739 Dictynna
1010 3662 1129 3724 Diana.

171 3763 303 3829 Gamrina
325 3762 445 3827 Catonis
467 3783 503 3825 an
528 3784 645 3846 unquam
668 3765 734 3826 sive
761 3763 797 3824 ab
821 3763 885 3841 ipso
909 3763 1037 3838 Catone,
1067 3765 1134 3825 sive
1155 3765 1193 3827 ab
1215 3764 1292 3844 alio,
1317 3770 1344 3830 in

106 3888 187 3930 unum
210 3867 332 3930 collecta
355 3886 459 3946 corpus
482 3870 601 3945 luerint,
624 3869 760 3940 incertum
784 3870 840 3928 est.
885 3866 933 3928 Ac
954 3869 1231 3951 fortassenunquam
1252 3871 1344 3933 colle-

105 3977 151 4035 cta
173 3974 266 4034 iuerc.
310 3970 374 4053 Quo
392 3974 482 4032 minus
502 3973 616 4048 mirum,
640 3972 714 4053 quod
734 3972 769 4032 ad
787 3973 912 4040 nostram
932 3988 989 4035 non
1003 3952 1197 4049 pervenomnt
1210 3977 1341 4035 aetatem.

101 4076 175 4139 lloo.
196 4077 291 4154 magis
317 4077 430 4153 mirum,
461 4077 490 4136 in
524 4080 603 4138 tanta
634 4078 868 4137 monumentorum
896 4073 973 4134 illius
1002 4076 1139 4153 temporis
1166 4077 1342 4154 poeticorum

101 4181 299 4260 ruina,.quae
320 4183 423 4240 cuncta
451 4180 545 4255 magis
573 4180 721 4260 magisque
753 4194 889 4238 crescens
918 4176 1055 4254 Virgilii,
1086 4177 1212 4255 Horatii,
1243 4177 1340 4241 Ovidii

100 4283 261 4345 auctoritas
283 4281 393 4343 delevit
416 4286 445 4343 ct
468 4283 548 4362 quasi
569 4281 734 4358 absorbuit,
757 4281 831 4362 quod
854 4298 922 4360 pars
944 4284 1036 4343 tamen
1050 4284 1199 4345 oeruuioum
1219 4280 1339 4344 Catonis

99 4390 224 4448 servata
242 4387 340 4447 tuerit.
384 4385 417 4447 lul
440 4403 510 4447 vcro
533 4385 671 4465 quomodo
694 4386 796 4445 tactum
818 4385 877 4460 sit,
909 4386 1070 4465 expositum
1092 4402 1109 4445 a
1132 4388 1243 4447 meost
1266 4404 1337 4463 pro-

96 4489 193 4559 babili
215 4490 298 4553 morlo
328 4489 410 4551 Dies.
433 4487 457 4551 1.
480 4506 550 4568 pag.
572 4492 646 4551 241.
669 4492 700 4551 ot
720 4491 885 4568 pambo.

154 4608 274 4658 Valerius
290 4605 362 4657 osto.
1081 4578 1133 4646 18
