2948 4986
1299 120 1343 183 lx

81 304 149 366 gne
170 286 361 363 significetur.
406 285 464 349 lun
487 305 560 349 vero
582 287 695 361 tribus,
720 289 768 368 qui
791 291 963 368 sequuntur,
987 287 1125 349 versibus
1149 305 1210 349 cum
1234 287 1341 348 eruditi

82 396 138 458 alii
160 398 243 459 aliam
266 399 430 461 medicinam
456 401 556 460 facere
584 399 690 460 trustra
719 402 899 477 tentassent,
933 400 1080 476 Naclrius,
1110 419 1214 460 novam
1242 417 1343 460 emen-

81 508 175 574 taum
197 510 350 589 ingressus
372 512 463 587 vlam,
486 531 554 572 nam
578 529 630 589 pro
653 529 713 571 nom
735 511 872 589 scripsit,
896 514 926 573 ot
948 529 1022 592 quae
1043 512 1137 572 media
1156 512 1234 574 iuter
1256 511 1344 572 ἄεσα

82 624 117 684 et
142 641 243 685 secun
263 621 415 698 leguntur,
439 640 494 701 per
514 621 702 701 parenthesin
722 624 828 684 inserta
846 623 958 685 statuit.
1003 623 1114 702 Nempe
1126 623 1265 685 Catonem
1278 621 1343 683 vult

82 733 122 795 ad
155 733 249 795 silvas
270 752 451 813 provocare,
480 737 582 813 utpote
612 752 686 814 quae
709 732 884 813 puellarum,
916 752 933 794 a
956 735 1011 794 diis
1034 738 1203 812 amatorum,
1233 735 1262 794 in
1290 752 1342 794 ar-

83 843 191 921 bores,
214 843 320 920 liores,
344 841 442 905 sidera
464 846 668 906 mutationibus
691 845 901 909 interfuissent.
946 844 979 906 ln
1001 863 1058 926 quo
1078 847 1196 924 primum
1218 862 1274 906 non
1298 845 1343 905 iu-

84 953 209 1032 telligo,
234 973 285 1016 cur
307 956 381 1015 fauna
403 958 491 1034 poeta
513 973 549 1017 co
569 956 732 1017 innotuisse
755 955 842 1017 silvis
864 960 977 1033 narret,
1001 976 1074 1038 quae
1086 957 1245 1036 accidisse,
1269 957 1343 1036 ipsis

83 1068 169 1148 quasi
192 1068 443 1146 inspectantibus,
467 1067 622 1145 tingantur.
668 1067 834 1146 Oportebat
849 1068 921 1143 ista,
945 1069 971 1128 si
990 1069 1172 1150 quidvideo,
1196 1069 1344 1130 enuntiato

83 1197 141 1258 pcr
161 1178 255 1240 silvas
277 1179 401 1240 iacere:
429 1183 479 1240 aut
508 1179 718 1257 provocatione
741 1179 776 1239 ad
800 1199 867 1258 eas,
898 1185 1029 1260 tanquam
1052 1183 1146 1241 testes
1153 1221 1166 1256 ,
1199 1197 1343 1257 superse-

84 1291 156 1352 dere
179 1292 293 1351 omniuo
317 1293 442 1369 poterat.
488 1290 628 1363 Accedit,
657 1295 690 1352 ut
719 1291 805 1370 paulo
837 1295 920 1354 ctiam
949 1293 1056 1353 maiore
1084 1292 1203 1354 alterum
1232 1307 1342 1369 puren-

83 1401 180 1464 tbesis
202 1401 354 1461 membrum
377 1401 490 1463 laboret
507 1401 686 1463 difficultate.
732 1403 821 1477 Nam,
846 1422 881 1464 nc
900 1404 1008 1482 dicam,
1032 1404 1113 1471 nimis
1137 1404 1207 1464 dure
1230 1402 1341 1465 oratio-

84 1515 134 1574 nis
155 1514 396 1574 continuationem
419 1514 600 1592 interrumpi,
632 1516 686 1574 vix
709 1516 793 1576 ctiam
816 1515 877 1576 ficri
900 1519 1018 1594 potest,
1050 1518 1080 1577 ut
1102 1513 1282 1594 apostrcpbe
1304 1512 1342 1574 ad

83 1623 199 1705 puellas
221 1626 377 1700 referatur,
413 1643 475 1684 cnm
502 1627 606 1687 necin
636 1627 689 1702 iis,
714 1642 787 1706 quae
808 1627 1001 1705 praecedunt,
1029 1645 1123 1687 carum
1147 1629 1250 1687 urentio
1274 1626 1340 1704 fiat,
1376 1623 1378 1626 ⁴

83 1755 142 1798 uec
163 1752 338 1816 pronomen,
370 1737 449 1798 utin
472 1737 579 1798 subitis
602 1739 844 1800 conversionibus
869 1737 996 1816 assolet,
1025 1741 1132 1800 certior
1161 1738 1255 1820 aliqua
1284 1739 1340 1800 de-

51 1896 56 1902 .
84 1849 216 1927 signatio
241 1852 387 1931 sequatur.
431 1850 501 1931 lpsa
522 1855 616 1912 autern
640 1851 732 1912 verba
761 1849 870 1913 Omnia
898 1869 956 1912 cos
980 1854 1059 1913 estis
1083 1850 1214 1912 Naelrius
1241 1852 1282 1911 ita
1303 1850 1341 1912 de

84 1960 193 2040 puellis
216 1961 386 2039 accipienda
408 1965 525 2037 censet,
554 1967 585 2024 ut
611 1962 799 2039 significent:
824 1965 856 2022 im
879 1981 979 2023 omues
1002 1970 1138 2024 mutatus
1157 1963 1277 2042 formas
1301 1981 1341 2024 ac
1472 1967 1473 1970 ’

83 2075 207 2154 liparus
230 2076 320 2135 estis.
365 2071 448 2157 Quod
474 2073 680 2152 interpretandi
703 2075 851 2136 artificium
875 2075 944 2136 ferri
964 2077 1061 2155 utique
1077 2077 1198 2153 posset,
1222 2075 1248 2134 si
1264 2075 1340 2136 scri-

83 2189 163 2264 ptum
194 2186 296 2245 forot:
327 2168 569 2265 Omnia'sactae
591 2189 682 2247 estis.
726 2186 811 2246 Nunc
834 2204 955 2261 vereor,
983 2191 1013 2248 ut
1039 2186 1139 2248 verbis
1168 2185 1226 2247 ulla
1247 2189 1341 2248 muta-

85 2297 176 2359 tionis
198 2295 264 2357 olirn
287 2298 382 2359 factae
405 2299 485 2358 notio
508 2297 616 2360 subsit.
661 2296 746 2358 lmmc
761 2296 871 2359 locutio
888 2303 986 2360 omnia
1001 2318 1088 2373 esse,
1113 2301 1194 2359 certe
1208 2299 1251 2357 sic
1267 2297 1341 2358 nude

83 2409 199 2487 posita,
224 2424 261 2468 ne
275 2408 303 2467 in
319 2426 371 2467 usu
390 2408 501 2487 quidem
519 2409 635 2470 videtur
648 2410 739 2469 l'uissc
758 2410 813 2468 nisi
830 2408 1053 2486 proverbialiter
1074 2410 1110 2469 de
1131 2428 1181 2485 eo,
1205 2409 1253 2490 qui
1267 2427 1340 2490 quae

80 2525 150 2582 sunt
172 2523 273 2599 partes
298 2520 414 2581 aliorum
440 2523 576 2595 onmium,
599 2521 681 2582 solus
705 2522 848 2596 sustinet,
873 2520 921 2581 vel
939 2522 986 2600 qui
1006 2523 1098 2582 omni-a
1116 2526 1225 2600 potest·
1269 2521 1338 2583 Vid.

80 2634 228 2697 Varronis
249 2637 280 2695 ct
297 2632 403 2695 Lucani
418 2632 501 2694 locos
513 2653 532 2695 c
546 2634 660 2695 Naclrio
679 2632 793 2694 allatos.
839 2631 915 2714 Quid
935 2628 1046 2712 igitur?
1069 2633 1180 2711 Ncmpo
1195 2635 1340 2710 insignem

80 2742 165 2806 locus
187 2745 320 2823 suscepit
341 2744 496 2819 oraculum,
520 2763 574 2806 ncc
597 2748 652 2806 tarn
675 2744 733 2805 leni
749 2762 831 2804 manu
848 2744 993 2804 sanandus
1014 2747 1071 2806 est.
1116 2743 1257 2824 Suspicor
1273 2743 1340 2805 olim

79 2855 129 2919 bic
151 2856 291 2934 scriptum
313 2857 428 2918 fnisse:

211 2967 257 3030 Et
278 2987 359 3051 puae
379 2986 492 3049 pompm
515 2967 601 3030 deum
623 2989 681 3031 non
705 2972 833 3050 siquis
854 2971 966 3050 furtu
994 2972 1122 3053 loquuta
1144 2978 1194 3032 cst

213 3073 397 3141 Dulcia?
420 3079 629 3144 Caelestes
652 3101 753 3144 secum
776 3102 836 3142 sua
859 3083 978 3161 paedia
1000 3091 1162 3162 pestant

212 3193 276 3252 Aut
298 3194 451 3272 insparsa
474 3193 605 3256 vident
627 3194 734 3255 mundo
755 3213 762 3251 :
787 3214 867 3277 puae
889 3194 992 3255 dicere
1014 3194 1133 3274 lonpom
1154 3203 1213 3256 est.

79 3303 223 3384 Loquitur
250 3306 355 3382 poeta,
386 3305 413 3365 id
445 3306 520 3384 qnod
551 3306 701 3385 praeclare
729 3312 759 3366 ct
782 3306 855 3366 vidit
886 3310 916 3366 et
944 3304 1102 3386 illustravit
1131 3297 1363 3383 Ναο11ιιε,ᾶο’
1388 3364 1393 3375 ,

79 3417 195 3495 pompis
225 3415 300 3493 apud
328 3413 477 3478 Romanos
505 3417 684 3479 solennibus.
735 3417 769 3479 ln
797 3418 902 3498 quibus
930 3435 992 3477 curn
1021 3418 1136 3478 deorum
1165 3418 1340 3494 imaginibus

80 3533 199 3606 praeter
221 3529 278 3590 alia
300 3530 428 3606 iusignia
451 3530 535 3593 etiarr
565 3549 705 3608 amorum,
739 3548 811 3610 quos
837 3528 877 3590 illi
905 3530 1075 3591 exercuisse
1098 3530 1237 3610 qnondam
1253 3532 1340 3607 ¹iere-

80 3639 202 3719 bantur,
226 3642 323 3702 addita
346 3642 586 3721 conspicerentur
608 3643 792 3716 monimenta,
816 3642 890 3704 baud
914 3642 1032 3720 illepide
1055 3638 1130 3703 Cato
1153 3643 1249 3720 addit,
1273 3641 1339 3703 unl-

80 3751 136 3814 lam
159 3771 290 3832 pompam
314 3771 400 3832 esse,
424 3773 496 3835 quae
513 3772 568 3814 non
585 3758 685 3833 aperte
705 3759 846 3832 testetur,
869 3757 1015 3816 curavisse
1037 3757 1120 3816 etiam
1144 3756 1225 3816 deos.
1257 3756 1340 3817 Haeo

82 3865 240 3926 universim
263 3867 480 3945 praemonuisse
498 3866 633 3928 snt'iicit..
662 3867 747 3927 Nunc
766 3867 989 3944 emendationis,
1013 3885 1048 3928 nc
1071 3868 1138 3948 quid
1156 3871 1263 3928 temere
1279 3887 1340 3928 mu·

81 3981 163 4038 tasso
186 3976 307 4055 videar,
339 3975 504 4053 singulatim
528 3979 666 4055 rationem
690 3979 816 4039 reddam.
861 3979 983 4039 Primum
1012 3999 1065 4059 pro
1094 3981 1183 4060 famu
1206 3980 1340 4058 reposui,

82 4087 157 4168 quod
180 4089 210 4149 in
232 4087 327 4152 simile
350 4089 449 4150 vitium
471 4089 547 4168 apud
577 4087 716 4153 Catonem
746 4090 853 4167 llolog.
889 4109 919 4150 v.
945 4098 997 4152 63.
1020 4092 1109 4165 abiit,
1136 4095 1249 4172 furtu:
1284 4110 1340 4171 quo

80 4199 226 4261 uocabulo
249 4201 375 4262 t'urtiuos
398 4219 510 4263 amores
526 4203 699 4281 saepissime
721 4222 739 4265 a
761 4205 858 4283 poetis
877 4203 1017 4282 appellari
1038 4222 1118 4265 nemo
1133 4206 1237 4266 nescit.
1272 4203 1340 4265 Vid.

81 4311 247 4373 blarlrlaud.
270 4314 305 4374 ad
321 4313 398 4376 Stat.
423 4312 501 4376 Silv.
520 4313 543 4375 l.
558 4319 588 4375 2.
603 4318 653 4376 59.
699 4317 825 4377 Prorsus
849 4321 879 4379 ut
902 4321 1000 4379 noster
1021 4319 1112 4398 furtu
1135 4319 1220 4380 deum
1244 4317 1341 4390 (baec

81 4424 158 4484 eninr
181 4426 347 4504 iungenda)
371 4425 523 4488 Ausonius
548 4427 651 4506 Epigr.
677 4432 756 4508 118,
783 4433 832 4490 lb.
