2948 4986
435 182 537 249 man
563 181 746 252 aaronis
768 186 822 253 an
837 130 1030 281 'senuna
1264 196 1353 269 ‘nou

112 355 247 419 Bibaculi
268 353 336 418 nibil
356 355 479 436 praebet
493 355 787 438 Guelpberbytauus:
811 364 878 423 sunt
899 360 967 439 ilia,
987 364 1021 424 ut
1042 364 1180 443 apparet,
1203 360 1351 444 descripta

112 479 152 523 ex
173 459 270 541 aliquo
294 460 394 522 codiee
417 461 563 537 Suetonii,
592 462 721 528 miserum
750 463 778 524 in
809 453 924 525 modum
945 469 1089 544 corrupta.
1133 465 1219 528 Hunc
1240 466 1267 527 ln
1289 486 1349 529 mo-

111 564 199 634 dume
223 564 346 642 Sluvls
374 564 442 644 sere
468 568 523 626 mei
550 565 664 627 domum
685 571 813 629 eutotini
865 567 918 630 De
936 572 1042 649 pietas
1064 573 1153 632 nimio
1175 572 1351 642 oscitaret

110 669 213 751 eydios
264 667 417 729 Custodes
441 667 524 729 uidet
546 669 696 753 ortaturq3
725 670 792 753 lapi
835 673 975 734 Miratur
995 676 1053 734 etc.
1098 672 1211 734 Versus
1234 678 1264 735 n.
1288 675 1350 739 itae

111 771 184 859 Qua
207 771 343 833 eelilrrua
364 769 504 833 cuculus
526 781 555 833 et
576 779 641 834 tros
669 774 782 854 sarria.
826 771 857 835 ln
881 793 969 847 versu
994 783 1024 837 3.
1047 776 1154 840 retinui⁴
1172 796 1260 857 supra
1282 777 1349 840 uul-

109 879 209 952 gatum
231 875 420 953 scripturam:
450 875 598 937 Crustodis
627 878 714 938 uidet
741 877 878 940 tortulas
901 879 1033 961 Priapi,
1061 880 1117 940 etsi
1139 899 1218 941 suum
1241 882 1349 959 proba-

110 976 250 1040 bilitatem
273 977 396 1037 virorum
420 975 565 1042 doctorum
590 978 796 1062 copiectorae:
827 981 980 1045 Custodes
1012 983 1097 1045 videt
1117 985 1230 1046 tertuli
1251 985 1349 1048 Prie-

107 1101 185 1163 poe,
211 1098 267 1140 non
289 1097 377 1157 nego.
400 1081 545 1143 custodes
576 1080 651 1159 legit
670 1085 762 1165 ¹etiam
786 1083 916 1164 Rapbael
945 1083 1169 1163 Volaterranos,
1198 1086 1348 1151 551855-

108 1186 192 1248 tonii
211 1184 248 1246 de
278 1184 395 1264 Valerio
425 1184 536 1248 Catone
563 1185 654 1248 locum
685 1189 832 1265 excerpit,
868 1186 1008 1270 simulque
1036 1191 1180 1268 poematia
1208 1192 1351 1256 exscribit

108 1286 260 1364 Bibaculi,
283 1285 471 1353 Commentar.
496 1288 604 1351 Urban.
628 1289 678 1350 lib.
700 1289 799 1351 Xllll.
822 1310 851 1370 p.
876 1297 948 1352 325.
973 1291 1348 1357 ed.Bas.l'robeu.1559.

109 1389 251 1455 Carminis
273 1391 390 1457 alterius
420 1411 523 1454 versus
549 1399 576 1454 1.
610 1394 650 1454 ita
677 1413 710 1454 se
732 1394 760 1454 iu
788 1393 1013 1472 Guelferbytanc
1041 1393 1153 1459 babcte
1179 1395 1349 1456 ilcillttle

108 1496 196 1558 modo
217 1496 303 1576 pulle
322 1497 516 1559 tusculanum
538 1500 568 1559 et
591 1495 723 1565 ultimus:
747 1499 797 1559 En
810 1518 862 1560 eor
874 1501 1030 1560 euoceatis
1049 1519 1086 1562 ea
1107 1499 1201 1562 lecum
1223 1501 1350 1562 curetis.

107 1599 224 1662 Versus
246 1599 354 1678 penult.
376 1605 407 1662 ut
435 1599 549 1678 vulgo:
585 1601 676 1664 Vnum
698 1600 830 1684 difficile
857 1601 1003 1684 expedire
1023 1620 1135 1679 nomeu·
1166 1607 1197 1665 et
1218 1604 1349 1682 proiecto

106 1719 165 1764 555
189 1701 340 1781 intelligo,
362 1703 429 1786 quid
453 1704 480 1764 in
503 1704 634 1764 5555515
657 1704 764 1767 babere
787 1707 872 1773 viros,
889 1704 991 1768 doctos
1006 1708 1142 1785 poluerit.
1173 1706 1350 1786 Suppleatur

106 1825 198 1881 esse,
223 1804 271 1867 vel
295 1812 325 1867 ut
346 1815 444 1868 sermo*
462 1809 500 1868 sit
523 1807 678 1886 abruptus,
707 1819 771 1885 est,
802 1813 850 1870 ant
877 1799 949 1890 suit.
995 1809 1155 1889 Paupertas
1178 1812 1252 1871 omni
1274 1814 1347 1871 tem-

107 1928 180 1989 pore
203 1911 308 1972 usiteta
330 1908 579 1972 Grammaticorum
594 1930 668 1971 ¹sors
691 1913 763 1973 i'uitr
794 1915 831 1973 ci.
855 1932 927 1994 quac
956 1913 992 1974 de
1020 1913 1158 1992 Pompilio
1185 1915 1349 1977 Andronico

108 2012 268 2076 Suetonius
289 2035 356 2074 aar.
390 2014 426 2076 de
449 2013 568 2092 Hygino
601 2015 641 2074 id.
665 2037 720 2075 xx.
750 2015 878 2096 idemque
907 2034 1039 2095 cap.1x.
1069 2017 1106 2078 de
1138 2017 1268 2096 Orbilio‚
1298 2017 1347 2099 qui

108 2117 173 2197 ipse
197 2135 344 2196 persenex
364 2135 517 2197 pauperem
540 2137 587 2184 se.
616 2122 645 2179 et
667 2117 796 2179 babitare
820 2118 876 2181 sub
898 2121 1029 2200 tepetis,
1061 2121 1213 2182 fatebatur.
1259 2119 1347 2181 Addo

107 2218 328 2301 philosophum,
357 2221 517 2283 Scircnmn.
563 2221 667 2282 Verum
698 2219 745 2282 bic
778 2224 869 2283 tamen
891 2224 1031 2290 vitiatum
1053 2222 1179 2284 babebat
1201 2224 1263 2284 eius
1285 2225 1349 2285 iere

107 2325 204 2399 modi,
228 2343 284 2405 quo
306 2323 496 2391 Tusculanam
518 2320 744 2386 iblsso‘Gatonis
768 2326 911 2405 suspicor.
958 2326 1101 2404 Virgilius
1123 2326 1257 2387 versibus
1279 2344 1347 2386 sua-

108 2428 261 2490 vissimis:
298 2428 413 2491 Vittato
446 2449 525 2512 pune
551 2428 689 2491 Scironis
718 2449 809 2505 erus,
832 2437 862 2490 et
881 2449 1001 2511 pauper
1023 2429 1141 2510 apelle,
1172 2430 1276 2493 Verum
1299 2430 1348 2492 itti

107 2519 281 2595 dominatu
313 2552 428 2616 qunque
451 2534 592 2593 diuitiae.
638 2530 849 2606 waltbertum,
885 2532 974 2592 virum
1004 2533 1214 2607 doctissimum,
1245 2534 1347 2612 rrniror,

107 2636 185 2718 quod
208 2637 342 2712 ironiam,
375 2641 405 2696 et
432 2635 587 2697 aculeatam
616 2635 828 2712 ambiguitatem
852 2638 969 2697 esseio
991 2635 1066 2697 Furii
1090 2636 1125 2696 ele
1149 2630 1260 2698 Catone
1282 2636 1346 2714 epi-

107 2739 294 2820 grammatis,
316 2742 344 2800 et
366 2739 490 2799 derideri
513 2757 530 2799 a
552 2738 637 2799 Furio
660 2742 822 2815 egestatem
842 2735 963 2801 Catonis
986 2740 1104 2800 scribat.
1150 2740 1287 2816 Gallum,
1310 2739 1347 2801 ad

107 2861 191 2925 quem
215 2846 261 2904 est
273 2842 348 2904 Furii
364 2841 494 2904 Bibaculi
514 2841 688 2920 epigramma
710 2839 843 2918 aiterum,
867 2841 936 2902 nibil
957 2842 1072 2918 obstat,
1095 2845 1226 2924 qnantum
1248 2843 1348 2918 uideo,

107 2943 265 3028 quominus
280 2950 409 3024 putemus
432 2943 592 3008 Cornelium
616 2942 725 3004 Gallam
749 2962 816 3006 esse
839 2950 961 3026 poetam.
1083 2989 1085 2993 s

115 3093 118 3098 -
174 3048 221 3111 lle
243 3049 361 3112 Cinnae
381 3069 469 3110 versu
497 3047 571 3126 apud
601 3046 783 3128 Suetonium,
815 3049 950 3112 Soeeutu
975 3058 1152 3130 permearat
1182 3055 1281 3113 nostri
1303 3052 1346 3113 D.

107 3155 258 3230 Catonis,
281 3153 377 3232 paullo
399 3157 468 3232 post
490 3152 589 3212 dicam.
638 3153 812 3212 burmannus
835 3153 891 3229 ibi,
926 3151 1117 3234 qucdcbiter
1138 3172 1254 3233 moneo,
1284 3157 1346 3216 ior-

108 3261 192 3320 tasse
213 3276 312 3318 nomen
345 3256 548 3319 restituendum
579 3273 646 3317 esse
675 3256 832 3333 poematis,
862 3262 892 3317 et
921 3255 1088 3317 Suetonium
1118 3258 1161 3317 sic
1189 3259 1346 3335 scripsisse

109 3362 244 3423 coniicit:
267 3361 368 3424 Giano
390 3363 421 3422 ia
442 3361 572 3442 Smyrna
578 3401 590 3434 ,
613 3359 676 3419 sola
698 3361 790 3419 fretus
812 3360 983 3420 auctoritate
1007 3361 1154 3438 Pomponii
1177 3360 1289 3436 Sabini,
1308 3362 1343 3421 ad

109 3465 199 3541 Virg.
222 3465 285 3526 um
308 3465 361 3527 lx.
381 3471 432 3526 35.
455 3466 495 3524 ita
517 3464 692 3524 scribentis:
715 3463 766 3523 De
788 3461 888 3524 Cinna
909 3466 1038 3525 meminit
1059 3464 1241 3541 Suetonius,
1265 3463 1346 3549 quod

109 3570 274 3650 scripserit
295 3568 463 3648 Smyrnam.
516 3566 600 3627 liano
628 3565 717 3640 igitur
743 3566 783 3625 ita
814 3565 908 3626 videri
939 3568 965 3627 in
996 3574 1095 3628 nostro
1126 3566 1257 3629 Suetomi
1280 3563 1345 3631 inco

108 3671 246 3750 scriptum
269 3672 439 3731 invenisse:
470 3671 568 3732 Cinna
591 3671 622 3729 in
643 3670 783 3756 Smprua.
820 3668 901 3730 ‚Non
929 3674 1052 3748 tantum,
1080 3674 1167 3749 puto,
1197 3671 1346 3736 tribuisset

109 3775 267 3855 Pomponio
279 3775 471 3850 Bounomos,
494 3774 519 3833 si
542 3773 578 3834 de
600 3775 695 3832 aetate
712 3773 858 3850 Pomponii
876 3771 977 3833 Sabini
1001 3776 1171 3852 compertum
1184 3771 1345 3838 habuisset.

110 3879 180 3956 bgo
203 3895 318 3940 errasse
340 3878 540 3958 Pomponium,
563 3879 592 3937 et
604 3874 770 3937 Suetonium
793 3875 905 3937 dixisse
927 3894 980 3955 pro
999 3875 1076 3952 alio,
1099 3878 1146 3958 qui
1169 3876 1347 3940 obversare-

110 3986 157 4045 tnr
179 3983 254 4061 ipsi,
269 3982 413 4061 putabam.
457 3979 496 4041 llt
517 3978 600 4041 alium
623 3979 697 4040 inira
718 3978 881 4040 videbimus
903 3978 1027 4040 eiusdem
1044 3978 1193 4059 Pomponii
1214 3979 1249 4041 ad
1267 3979 1345 4044 cnm

108 4104 141 4147 r.
166 4088 241 4147 285.
264 4104 293 4165 p.
318 4091 391 4147 612.
414 4101 538 4147 errorem
561 4084 587 4144 in
607 4084 776 4145 nonninibus.
815 4082 920 4158 Nune,
936 4082 1012 4163 quod
1029 4080 1144 4160 meiius,
1160 4083 1346 4147 Wciebertus

108 4189 157 4255 lle
178 4186 213 4252 G.
234 4188 341 4251 Helvio
359 4185 451 4251 Cinna
473 4206 503 4266 p.
529 4191 597 4249 lec.
621 4184 752 4248 Suetonii
773 4185 863 4248 locum
878 4185 1035 4265 Pomponio
1053 4188 1119 4247 ante
1139 4184 1240 4249 oculos
1255 4188 1347 4249 tuisse

109 4295 214 4357 statuit
228 4312 307 4371 eum,
324 4295 371 4374 qui
391 4297 437 4355 est
448 4291 494 4354 lii.
512 4289 663 4352 Grammat.
678 4312 767 4353 xvnr.
785 4289 835 4351 ubi
854 4288 891 4351 de
908 4284 1043 4352 Crassitii
1056 4290 1084 4350 in
1101 4289 1251 4369 Smyrnam
1266 4306 1346 4351 ccm-

107 4397 259 4460 mentario.
302 4397 459 4478 Monetque
474 4394 547 4456 idem
562 4392 861 4466 Weicbertnscontra
875 4392 1060 4455 Burmannunr
1075 4393 1249 4473 rectissime,
1273 4409 1344 4453 ver-

107 4502 157 4569 ani
176 4500 314 4580 Saecula
332 4506 511 4585 permoneat
524 4498 843 4580 metamaucus,
865 4497 921 4575 uix
939 4495 1032 4587 boum
1052 4496 1143 4559 inisse
1164 4493 1343 4582 ussurus,
