2948 4986
142 207 223 277 230
425 240 431 245 -
596 196 875 265 utssuutnuto
898 199 923 261 Ι.

119 378 200 465 ‘lum
223 381 254 438 tn
276 396 398 459 specum
417 396 451 458 p.
470 394 505 461 p.
548 374 630 437 liaeo
660 374 756 455 paullo
780 375 925 452 disputavi
945 375 1083 452 lougius,
1104 379 1137 438 ut
1157 375 1267 458 liquido
1290 394 1377 457 appa-

142 485 225 551 reat,
250 499 304 542 uon
328 479 633 549 disertetiiomedern,
651 479 676 540 si
696 479 790 539 uerba
813 480 939 555 rimeris„
963 479 1091 558 Virgilio
1116 479 1246 543 tribuere
1270 499 1378 543 versun

141 585 244 648 incidi
264 605 297 666 p.
320 588 351 647 in
374 606 423 668 ep.
467 583 528 646 Sed
558 587 650 646 tanuen
681 582 751 643 nibil
778 585 871 660 magis
894 583 1046 662 probabile
1069 585 1307 666 quanupuoluisse
1328 587 1378 646 tri-

90 712 97 732 ·
133 688 232 750 ,buere
252 687 389 767 Virgilio.
434 686 528 764 Igitur
550 692 597 749 est
619 705 724 747 uorsus
747 707 785 752 ex
807 687 959 766 deperdito
982 689 1104 748 carmine
1127 689 1308 766 Virgiliauo.

207 791 288 854 llaec
303 793 341 854 de
358 793 531 855 Catulectia
547 791 623 851 dlcta
639 793 666 851 in
685 783 847 851 universum
865 794 959 851 sunto.
1006 791 1052 851 De
1066 791 1194 868 singulis
1208 794 1376 855 carnrinibns

143 896 184 957 ita
205 894 315 974 iudico,
337 914 405 957 esse
426 896 454 957 ln
469 891 627 959 caeream
643 892 777 954 nonnulla
790 901 847 955 tenu
861 894 947 961 bouis
965 894 1090 956 testibus
1106 890 1312 974 comprobata,
1327 903 1376 960 ua

109 999 111 1004 ’
142 1006 198 1061 tam
220 1000 310 1076 digna
324 998 478 1076 Virgilio,
508 1001 539 1059 ut
561 996 683 1058 debeant
705 996 789 1058 tribui
814 996 959 1077 Virgilio}
982 1016 1049 1058 erse
1078 998 1133 1058 alia
1156 1018 1230 1080 quae
1255 999 1377 1077 Virgilio

141 1103 226 1166 tribui
250 1104 410 1189 nequeant,
431 1120 514 1185 quum
536 1099 606 1163 nibli
628 1100 761 1174 suadeat,
784 1103 815 1161 ut
835 1102 945 1180 scripta
964 1120 1032 1162 csse
1047 1121 1065 1163 a
1083 1102 1210 1179 Virgilio
1233 1110 1375 1183 puteanus,

140 1205 189 1267 vei
206 1188 295 1289 >quum
317 1205 374 1284 sit,
395 1204 470 1291 quod
489 1223 524 1268 ca
540 1205 626 1266 tribui
643 1204 769 1281 Virgilio
792 1207 889 1265 vetet·
928 1204 1009 1286 Qurod
1033 1207 1148 1267 enimin
1171 1206 1376 1286 Opusculurum

86 1355 88 1359 -
141 1308 311 1372 collectione
338 1310 443 1373 iactum
472 1311 535 1383 cst,
555 1313 595 1389 ,ut
616 1309 801 1386 inicerentur,
831 1314 860 1370 et
882 1314 984 1389 postea
1013 1309 1190 1371 librariorum
1213 1312 1377 1389 grammati-

142 1431 277 1474 corumve
300 1413 441 1493 inperitia
462 1410 695 1475 adscriberentur
711 1408 855 1489 Virgilio,
879 1430 952 1493 quae
969 1412 1086 1474 aliomm
1105 1418 1206 1475 essent
1225 1414 1374 1493 opuscola,

140 1517 169 1578 id
192 1519 274 1579 ctiam
297 1517 325 1576 iu
341 1514 693 1592 singulisCatalectorum
711 1515 924 1594 epigrammatis
943 1514 990 1576 uei
1007 1517 1181 1578 carminibus
1199 1518 1262 1578 lieri
1279 1521 1377 1598 potuit.

101 1644 112 1675 ι
140 1619 179 1683 ta
201 1606 318 1681 abillis
339 1619 485 1699 incipiam,
509 1636 582 1699 quae
598 1618 689 1679 denuo
714 1620 811 1679 inierri
834 1619 864 1679 in
881 1617 1031 1703 Catalpcta
1046 1622 1136 1682 iussi:
1159 1634 1223 1682 nanu
1240 1625 1374 1702 aptiorem

140 1725 253 1796 sedem,
283 1723 392 1785 etiamsi
423 1739 490 1807 nont
508 1722 566 1783 siut
587 1741 604 1783 a
627 1721 753 1800 Virgilio
776 1725 902 1802 scripta,
938 1724 1085 1787 invenient
1114 1724 1238 1786 nullam:
1269 1744 1374 1788 cannaco

145 1827 222 1891 Vere
242 1846 317 1889 rosa
339 1836 479 1888 autumno
499 1831 614 1908 pomis,
638 1843 718 1886 nemo
736 1826 865 1903 Virgilio
888 1829 1042 1905 assignare
1063 1828 1176 1890 audeat.
1223 1828 1307 1913 Quod
1328 1849 1373 1891 sc-

140 1932 250 2013 quitur,
281 1930 373 1992 Hune
398 1949 453 2012 epo
475 1933 601 1992 iuuenes
629 1929 741 2005 tecam,
772 1931 971 2013 uitiatamque
997 1932 1184 2014 palustrem,
1215 1933 1314 1994 cadem
1340 1933 1373 1992 de

141 2054 263 2110 caussa,
294 2034 450 2116 eademque
479 2034 721 2095 demonstratione
751 2033 878 2112 Virgilio
906 2052 997 2114 posse
1026 2033 1165 2096 vindicari
1188 2035 1295 2113 viden,
1322 2054 1372 2116 qua

141 2140 214 2201 idem
243 2137 356 2201 Catullo
385 2138 542 2199 attribuere
572 2138 628 2198 viri
655 2137 731 2200 docti
760 2137 891 2199 voluere.
922 2123 1063 2220 ‘Namque
1089 2139 1209 2201 eandm
1232 2143 1371 2202 emmonis

141 2243 373 2327 elegantiaque,
402 2259 482 2324 quam
509 2241 657 2303 Victorius
687 2243 785 2302 merito
816 2243 948 2303 virtutem
981 2261 1049 2305 esse
1076 2239 1183 2321 Catulli
1214 2243 1370 2322 praedicat,

141 2348 239 2408 nativa
262 2345 423 2427 elegantia,
451 2346 537 2427 inque
559 2344 741 2424 simplicitate
762 2343 864 2424 lepos,
893 2349 949 2409 etsi
972 2345 1056 2407 buius
1079 2344 1188 2417 laudis,
1219 2364 1284 2408 naeu
1305 2363 1371 2428 quo-

141 2468 196 2531 quc
217 2451 339 2528 iudicio,
361 2432 467 2528 primas
496 2450 551 2509 lert
573 2445 720 2525 catullus,
748 2452 840 2510 tanen
868 2449 951 2511 simili
973 2450 1197 2530 quodammodo
1221 2467 1371 2512 mmmunes

143 2554 230 2615 aelati
253 2553 313 2630 illi,
335 2553 370 2614 ad
398 2572 479 2636 quam
497 2550 627 2617 Catullus
646 2555 676 2612 et
693 2552 774 2613 inille
790 2552 937 2632 pertinent
951 2552 1084 2629 Virgilii,
1108 2554 1235 2621 virtutes
1252 2555 1371 2627 luerunt,

144 2660 176 2718 ut
197 2659 359 2734 fragmenta
372 2654 489 2725 drumm
510 2654 666 2717 ostendunt
681 2672 735 2715 uon
753 2672 857 2734 pauca,
881 2673 973 2737 neque
991 2674 1148 2721 sermonem
1166 2656 1303 2734 Virgilii,
1324 2673 1371 2737 quo

144 2760 258 2820 iuvenis
281 2747 484 2852 tenerosxillos
506 2774 722 2835 consuesces,
745 2760 898 2839 quietiarn
921 2778 960 2820 cx
983 2760 1136 2827 urraimibus
1158 2760 1298 2840 operibus
1318 2778 1370 2821 rna-
1413 2747 1415 2751 ¹

143 2864 261 2924 turioris
283 2863 388 2924 aetatis
410 2844 531 2923 emicant
552 2860 601 2924 iric
622 2861 697 2938 illic,
721 2861 749 2921 in
773 2861 882 2924 lusibus
905 2862 1055 2944 eloquulus
1078 2867 1141 2940 est,
1164 2863 1285 2926 multum‘
1299 2875 1317 2925 ι’
1332 2868 1371 2925 tc·

145 2984 213 3027 nero
230 2963 344 3028 Catullo
367 2964 510 3024 diversum
532 2964 625 3026 tuisse
647 2965 818 3044 putaverim·
860 2961 961 3049 Quid't
983 2966 1057 3047 quod
1081 2967 1223 3047 exemplis
1241 2972 1370 3030 mnam

146 3073 202 3130 tuna
230 3073 290 3147 est,
318 3067 469 3129 Macrobio
493 3067 545 3129 vl.
570 3085 597 3128 r:
613 3073 784 3148 praeeunte,
812 3087 830 3128 a
857 3067 958 3130 Fulvio
985 3068 1091 3131 Ursino
1119 3071 1156 3131 ad
1179 3072 1305 3133 Aeneid.
1326 3068 1370 3132 Vl.

148 3178 199 3234 21.
222 3177 274 3233 30.
297 3174 327 3234 el
345 3170 432 3248 alibi,
455 3170 643 3248 aScaligcro
661 3173 688 3232 iu
707 3168 813 3233 Catulli
833 3171 947 3234 domam
963 3174 999 3235 B.
1019 3194 1049 3235 v.
1073 3181 1124 3237 tle
1147 3193 1166 3237 a
1187 3174 1370 3238 Valckenario

146 3277 181 3338 ad
204 3277 327 3339 eamdem
349 3297 381 3357 p.
405 3276 476 3337 rat.
500 3295 545 3357 sq.
568 3294 584 3336 a
608 3275 746 3338 Sentenio
770 3276 797 3335 in
820 3274 907 3361 bileg.
930 3277 964 3337 ad
996 3277 1131 3339 Manlium
1155 3299 1186 3340 v.
1212 3284 1284 3341 lltl.
1307 3275 1369 3339 baud

146 3400 210 3443 raro
232 3380 376 3460 Virgilio,
400 3381 485 3443 etlam
502 3380 529 3440 iu
552 3379 688 3458 operibus
710 3378 873 3453 maioribus,
891 3379 996 3443 Catulli
1011 3381 1186 3445 obversatus
1202 3382 1286 3446 locos
1302 3399 1369 3444 esec.

144 3484 290 3567 Denique,
323 3504 404 3566 quam
432 3502 520 3545 meam
538 3484 779 3544 ‘observationem
803 3501 859 3568 nou
882 3483 1007 3545 inutilem
1028 3490 1115 3563 puto,
1144 3489 1262 3549 metrum
1290 3487 1368 3566 ipsun

106 3630 112 3654 .
145 3590 289 3668 priapcum
312 3588 465 3667 Virgilium
494 3606 550 3650 uon
571 3587 662 3661 minus
684 3605 764 3669 quam
787 3583 930 3648 Catullum
953 3587 1047 3648 decet.
1092 3586 1174 3670 Quae
1196 3591 1270 3651 enim
1291 3587 1369 3650 altera

146 3692 270 3769 insignis
291 3696 396 3770 poetae
418 3692 602 3755 Veronensis
620 3689 683 3752 laus
705 3693 767 3766 est,
795 3691 868 3771 quod
897 3690 1096 3753 nonnullorum
1116 3697 1269 3755 metrorum
1288 3689 1367 3754 artit-

147 3795 313 3872 ciosiorum,
350 3795 507 3876 Sapphici,
539 3795 682 3873 longioris
710 3795 816 3855 numeri
850 3792 1033 3856 choriambici
1061 3794 1202 3877 Alpheae
1239 3799 1368 3857 imment

147 3901 203 3958 etc.
226 3898 310 3959 iambi
332 3901 411 3979 puri,
436 3904 466 3962 ct
487 3902 612 3961 fortasse
628 3899 707 3959 metri
729 3895 814 3958 buius
836 3896 947 3977 priapei
967 3898 1099 3959 inventor
1115 3898 1254 3961 Runuauis
1275 3900 1366 3970 luisse,

146 3999 203 4060 alia
238 4021 327 4079 vero,
369 4001 654 4082 hendecasyllabum,
688 4000 887 4069 eboliambum,
921 4002 1066 4063 iambicum
1099 4002 1239 4067 Cinaede
1272 3998 1368 4064 utute

147 4105 266 4167 mollior
287 4108 420 4169 caniculi
440 4108 573 4190 capillo,
603 4104 802 4183 Galliambum,
831 4105 950 4166 telicius'
966 4124 1046 4188 quam
1072 4106 1120 4167 alii
1144 4107 1310 4169 excoluisse
1328 4102 1366 4165 ri-

79 4240 82 4247 ·
148 4208 247 4286 detur,
270 4216 301 4274 ut
324 4211 359 4270 de
383 4209 486 4287 Elegia
505 4228 583 4271 nune
604 4208 727 4270 taceam:
757 4208 830 4272 banc
858 4227 969 4290 quoque
990 4208 1100 4271 laudem
1122 4209 1289 4272 aemulatum
1310 4224 1366 4270 esse

148 4316 277 4375 iuvenem
307 4312 490 4375 Mauluauum
519 4313 662 4375 admodum
692 4311 841 4392 probabile
871 4317 925 4376 est.
970 4312 1134 4394 Aliquando
1165 4311 1368 4378 auctoritates

134 4419 295 4478 carminis:
320 4419 485 4497 Hane-epo
507 4420 633 4480 iuvenes
657 4418 769 4492 lower,
799 4435 881 4499 quern
904 4419 960 4478 tum
983 4434 1040 4479 nou
1061 4417 1197 4496 putabam
1220 4435 1288 4481 esse
1308 4416 1368 4480 Vit-

133 4521 263 4601 -gllium,
292 4519 398 4585 Caulii
427 4538 538 4584 carmen
568 4522 666 4585 Hane.
679 4523 777 4585 laeam
797 4521 856 4585 tili
884 4521 992 4587 dedico
1020 4523 1079 4605 ete.
1104 4521 1294 4613 obuersatum
1312 4534 1371 4585 ease
