2948 4986
506 189 955 257 sucessionuenoauu.
1283 199 1363 270 eso

111 365 225 426 Exstat
244 364 335 425 buius
356 364 421 426 libri
445 366 472 425 in
504 362 631 427 Culicem
654 366 867 444 oollatlotapud
898 367 1126 428 Friesemaunum
1148 366 1361 445 etHeynlum‚

111 471 151 528 ad
176 487 250 549 quos
274 487 308 528 ea
330 469 466 547 pervenit
495 470 531 531 ab
561 469 603 530 lo.
633 468 818 546 Schraderoa
842 470 878 530 ad
908 468 1099 531 Schradernm
1128 473 1221 531 autem
1253 475 1303 532 aut
1324 473 1361 533 ab

112 571 240 632 Heinsio
248 588 258 648 ,’
283 578 332 633 aot
354 572 486 632 aliunde..
523 573 577 635 Bst
599 575 671 633 enim
693 575 734 632 in‘
747 571 929 635 Bibliotheca
942 572 1276 653 Leidenstnppendicis
1290 576 1362 638 Vir-

111 676 245 753 gilianae
267 680 338 738 edit.
378 677 490 754 Scalig.
526 681 617 738 1513.
648 676 796 755 exenrplar
826 674 943 749 ucatal.
964 675 1041 737 Bibl.
1066 674 1153 738 Unlv.
1176 677 1270 756 bugd.
1294 680 1360 765 Bal.

113 799 145 859 p.
170 784 245 841 215.
269 781 346 841 Hist.
372 783 484 856 502),
514 780 578 842 olim
601 780 702 842 lsaaco
726 781 836 843 Vossio
859 797 1053 858 possessum,¹
1068 781 1116 841 cul
1135 781 1209 842 idenr
1233 783 1360 844 Vossius

114 886 144 943 in
168 881 285 959 Colice,
314 889 345 944 et
367 885 394 943 in
416 884 481 943 aliia
505 886 676 944 carminibus
696 882 856 953 nonnullis,
885 900 959 965 quae
981 884 1077 944 statim
1100 886 1360 947 commemorabun-

114 993 179 1062 tur,
203 994 363 1048 accuratam
380 987 532 1047 Petavinni
549 987 743 1062 collationem,
768 1005 785 1047 a
807 1006 841 1047 se
863 989 928 1064 ipso
951 988 1071 1064 iactam,
1089 987 1255 1066 adscripsit.
1296 989 1360 1050 Bo-

109 1090 181 1166 reo,
196 1091 358 1170 quornm
381 1091 476 1151 struem
500 1091 588 1153 ouras
611 1091 771 1166 cornuum.
817 1090 882 1150 aurs
903 1089 952 1151 m
977 1089 1051 1152 iuer
1082 1108 1157 1164 non,
1192 1072 1268 1172 qlod
1297 1094 1360 1154 ur-

112 1194 220 1256 aoldus
242 1196 340 1254 nescio
364 1192 437 1253 unde
460 1195 572 1271 tradit,
598 1212 716 1268 recens,
748 1193 914 1279 sedeatis,
937 1197 968 1254 ut
990 1193 1112 1255 suadent
1134 1195 1245 1271 cronia,
1271 1201 1359 1259 vetu-

112 1302 197 1369 stus,
228 1297 389 1375 perbonus,
417 1299 551 1376 proxime
573 1302 717 1372 cognatus
739 1315 800 1356 cum
823 1295 978 1374 Tluuaneo,
1007 1297 1131 1377 aliisque
1153 1299 1280 1359 eiusdem
1302 1319 1360 1376 ge-

100 1389 195 1462 neris
217 1401 315 1475 libris,
340 1401 413 1480 quod
437 1420 532 1476 genus
555 1403 694 1474 oninium,
718 1399 753 1463 de
776 1401 880 1481 quibus
903 1418 977 1461 nunc
994 1403 1123 1476 consini,
1147 1403 1279 1479 optimum
1303 1407 1358 1464 est.

114 1504 238 1565 Heinsio
260 1505 295 1564 ad
320 1503 408 1567 Ouid.
431 1506 525 1583 Bpist.
548 1502 631 1581 xlx.
654 1506 705 1563 26.
736 1506 918 1565 veterrimus
947 1504 1045 1564 eodeu
1067 1505 1262 1567 Petnviaaus
1287 1508 1358 1567 dioi-

114 1614 171 1669 tur.
217 1606 392 1671 continebat
413 1615 507 1677 autem
527 1610 643 1687 praeter
661 1584 786 1668 Culicem
809 1613 839 1667 et
853 1605 957 1676 Blras.
975 1604 1124 1685 Opusoula
1142 1607 1240 1668 eadem
1253 1611 1357 1686 cronia,

113 1730 188 1793 quac
211 1714 238 1771 in
264 1713 419 1788 Bembino,
442 1711 598 1786 Tbnauco,
632 1713 662 1771 et
685 1712 808 1770 caeteris
832 1711 894 1769 eius
924 1712 1064 1787 generis:
1094 1711 1205 1793 δορα,
1243 1711 1358 1782 Versus

111 1814 154 1876 de
175 1815 239 1877 Est
261 1825 291 1878 et
311 1815 403 1891 Non,
427 1816 466 1877 de
487 1814 586 1876 Bosis
609 1813 808 1875 nascentibus
830 1814 970 1894 Eulepa,
995 1815 1047 1876 De
1068 1814 1267 1880 destitutione
1293 1817 1360 1880 Viri

111 1917 197 1981 Boni
223 1938 346 1981 cereas.
396 1919 500 1999 Neque
523 1918 621 1978 dubito
644 1918 710 1997 quin
733 1917 905 1977 continuerit
925 1917 1096 1992 Moratum,
1119 1920 1175 1978 etsi
1198 1919 1255 1981 boc
1276 1939 1358 1983 uerno

112 2025 251 2085 testatur.
295 2024 338 2084 At
362 2022 459 2082 Aetna
482 2020 555 2082 band
578 2020 664 2081 dubie
686 2020 855 2095 abt'uit,.et
877 2019 1007 2080 abluisse
1029 2018 1108 2082 (lirin
1131 2022 1242 2093 diserte
1263 2030 1359 2093 monet

110 2125 255 2189 Heinsius
272 2126 372 2204 Epist.
395 2125 430 2185 ad
453 2125 512 2185 lac.
536 2123 711 2186 Gronovium
733 2140 780 2200 ap.
798 2123 893 2182 Burm.
906 2122 1000 2200 Epist.
1024 2123 1059 2184 ad
1080 2125 1225 2203 Hoppium
1248 2146 1277 2205 p.
1296 2150 1357 2188 niv.

111 2227 161 2292 Gt.
188 2228 317 2307 Sylloge
339 2229 433 2306 Epist.
463 2228 558 2290 Burm.
588 2228 625 2288 Τ.
647 2226 702 2289 IV.
733 2245 764 2304 p.
791 2231 860 2287 148.
907 2226 972 2287 Fuit
1005 2228 1094 2294 etiam„
1120 2229 1147 2289 in
1177 2229 1355 2307 petaviano,

111 2331 291 2393 testantibus
313 2331 529 2399 Friesemanno,
549 2330 685 2408 Heynio‚
708 2336 738 2391 et
761 2327 800 2389 ls.
825 2328 950 2407 vossio,
973 2327 1183 2408 Opusculorum
1206 2334 1357 2413 inscriptio

110 2434 176 2506 illa,
207 2452 288 2515 quam
317 2452 371 2493 nos
401 2436 473 2494 inira
504 2453 541 2494 ex
568 2433 712 2496 'l'buaneo
743 2435 773 2492 et
803 2435 977 2509 Augustano
1006 2434 1159 2495 doluimus:
1194 2437 1357 2501 Poetarum

109 2539 346 2620 sapientissimi
374 2537 478 2598 Publii
515 2536 637 2616 Virpilii
671 2536 817 2599 Maronia
854 2534 1070 2618 condiscipuli
1104 2537 1273 2602 Octaviani
1301 2550 1356 2604 etc.

108 2640 189 2725 Quid
213 2645 329 2719 praeter
351 2639 400 2702 illa
422 2641 510 2702 tuerit
531 2643 558 2700 in
581 2640 757 2716 petaviano,
780 2640 898 2700 delinire
921 2659 977 2701 non
999 2641 1101 2702 audeo.
1144 2643 1250 2704 Fuisse
1272 2648 1356 2707 etiam

108 2746 236 2806 earmina
265 2732 373 2805 nriruora
401 2745 469 2804 sive
495 2745 717 2822 epigrammata,
746 2746 777 2803 ut
805 2745 833 2803 in
856 2742 1018 2816 Tbuaneo‚
1046 2746 1104 2806 etsi
1136 2750 1206 2826 quot
1234 2749 1356 2827 tuerint,

109 2851 143 2910 et
164 2865 257 2928 quae,
280 2847 417 2908 dubitare¹
433 2848 518 2921 licet,
542 2853 649 2908 certum
672 2845 807 2908 est-mibi
828 2865 867 2907 ex
886 2846 927 2907 ls.
940 2848 1070 2926 Vossio,
1093 2850 1141 2930 qul
1163 2855 1279 2928 praeter
1292 2850 1356 2913 Cu-

109 2951 196 3013 licem
219 2959 249 3012 et
272 2949 380 3030 Copam
403 2951 521 3013 contulit
544 2950 607 3025 illa,
641 2957 803 3032 quaesunt
825 2951 854 3012 in
878 2951 1060 3032 Antinologia
1083 2953 1234 3014 Bunnauui
1258 2956 1307 3015 lib.
1330 2956 1354 3017 l.

108 3076 245 3117 cxxxvr.
274 3055 325 3118 lib.
348 3054 387 3116 li.
410 3076 505 3115 cxcn.
539 3061 569 3116 et
590 3053 642 3116 lib.
665 3054 703 3115 V.
726 3076 849 3116 cmm.
896 3055 1001 3117 Verum
1030 3070 1069 3116 ex
1089 3074 1125 3117 eo
1148 3075 1203 3117 uon
1226 3063 1356 3140 sequitur

107 3158 186 3221 llaec
214 3161 297 3221 unica
327 3162 439 3221 tuisse:
468 3160 554 3219 otium
577 3159 670 3219 deluit
697 3158 738 3219 ls.
763 3159 891 3232 vossio,
920 3162 970 3220 aut
991 3161 1117 3236 aulnms,
1148 3161 1230 3239 plura
1253 3167 1355 3226 conti-

107 3263 204 3325 reudi.
248 3262 282 3324 ln
312 3262 496 3339 Antbologia
525 3262 627 3323 Latina
658 3263 836 3324 Burmannus
865 3263 976 3323 codicis
997 3263 1150 3324 Petavianl
1171 3265 1208 3325 ab
1233 3264 1355 3330 Heinsio

107 3366 210 3429 collau
234 3385 325 3445 saepe
346 3368 516 3427 mentionem
534 3367 619 3441 l'acit,
639 3370 669 3426 et
687 3365 724 3425 ad
744 3356 985 3440 multa‘oarminm
1008 3368 1128 3427 maxime
1149 3367 1185 3428 ad
1208 3387 1258 3444 ee,
1282 3389 1355 3450 quae

107 3469 309 3531 collectionem
332 3471 405 3530 intra
427 3456 466 3529 ex
486 3468 603 3557 Veneta
624 3469 725 3530 Bubei.
743 3466 864 3550 aliisque
886 3469 1004 3546 Virgilii
1030 3469 1206 3531 editionibus
1228 3475 1354 3534 vetustis

106 3574 328 3635 describendam
351 3573 546 3651 constituunt3
576 3574 628 3632 sed
660 3572 800 3633 etiamad
822 3571 879 3633 alla
902 3571 1050 3640 nonnulla,
1083 3590 1157 3653 quae
1178 3592 1234 3637 nou
1257 3577 1354 3638 insunt

106 3677 333 3741 bucolice-tione
356 3677 413 3736 ista
436 3674 527 3738 Anti.
551 3677 615 3759 latit.
637 3674 689 3735 lib.
705 3671 738 3757 ¹l.
761 3697 873 3739 nxxrrr.
898 3697 1007 3736 xcvrnr.
1030 3675 1082 3736 lib.
1105 3674 1143 3736 H.
1167 3698 1272 3739 curm.
1286 3699 1352 3762 sqq.

106 3777 206 3841 cx'cu.
230 3803 345 3842 cxcvrr.
368 3781 419 3842 lib.
442 3780 496 3842 Hl.
520 3804 572 3841 ca.
602 3780 654 3842 tib.
678 3780 715 3841 V.
737 3799 810 3839 xcv.
833 3800 921 3839 exau.
945 3779 1000 3838 ulsl
1022 3778 1061 3839 ibt
1084 3778 1197 3843 Petav.
1222 3788 1252 3843 et
1274 3785 1354 3846 alter

105 3884 224 3947 Puteo.
248 3903 301 3962 per
324 3903 448 3946 errorem
470 3887 606 3965 scriptum
629 3887 676 3945 eat
698 3902 715 3943 a
738 3884 897 3944 Bormanon
920 3901 972 3961 pro
987 3880 1172 3946 Puteumet
1193 3887 1352 3950 ulterPn·

104 3998 192 4051 teau.
223 3987 342 4049 -Fateor
365 3993 456 4049 tamen
479 4007 523 4049 me
545 3989 698 4062 dubitare,
727 4005 764 4047 au
787 3986 876 4062 baec,
905 4004 979 4066 quae
1002 3986 1179 4050 Burmannus
1201 4008 1241 4050 ex
1263 3991 1352 4053 Peta-

104 4091 196 4155 vlauu
219 4090 329 4167 laudat,
352 4110 408 4152 non
431 4093 490 4152 sint
512 4094 603 4153 omnia
626 4110 665 4151 ex
678 4108 742 4156 vuno
763 4092 918 4171 codemque
940 4089 1111 4151 Petaviano.
1168 4091 1256 4154 Certe
1279 4113 1352 4174 quos

104 4194 150 4261 Ιι.
173 4195 302 4256 Vossius
324 4196 419 4274 Bpist.
441 4195 476 4255 ad
500 4195 650 4255 Heinsium
670 4194 713 4255 T.
732 4193 789 4255 lll.
813 4193 889 4272 Syll.
914 4195 1009 4254 Burm.
1032 4212 1063 4273 p.
1077 4198 1150 4257 563.
1174 4197 1351 4257 Pelarianos

104 4285 325 4376 commemorat,-
347 4317 442 4358 eornm
465 4304 566 4360 neuter
588 4299 702 4360 videtur
722 4299 750 4362 ls
771 4300 885 4374 luisse,
908 4298 944 4359 de
966 4317 1023 4378 quo
1044 4317 1098 4359 nos
1120 4300 1242 4376 agimus.
1293 4326 1296 4331 ·

175 4401 339 4480 Speeimina
367 4401 518 4463 Peteviani
541 4420 557 4460 e
581 4399 689 4462 (inlice.
703 4402 775 4462 satis
796 4401 883 4463 molta
904 4401 1073 4480 protulimus
1096 4403 1177 4464 Biss.
1202 4400 1254 4462 lll.
1299 4402 1350 4462 ln-

104 4507 180 4587 epte
202 4509 295 4567 auten
317 4506 347 4566 in
370 4505 529 4568 Petnviaae
552 4504 695 4566 cantilena
715 4503 781 4582 illa,
814 4523 895 4586 quam
917 4511 1022 4587 postea
1044 4506 1159 4666 in2a2liia
1182 4505 1349 4583 codicibus,
