2948 4986
107 198 184 268 172
528 194 928 260 nmmnuvnnsronus
1052 141 1055 144 ⁴
1377 40 1383 359 ἱ

107 389 169 431 nem
192 371 317 432 restituit
338 368 467 447 Argent.
494 374 586 432 1502.
625 373 681 432 tum
704 368 843 448 Aldinae,
865 367 949 431 aliae.
994 367 1108 458 Deinde
1131 385 1215 449 quum
1237 367 1264 427 lo
1278 366 1331 429 ltu-
1381 382 1383 388 ·

107 476 198 534 manis
225 493 259 535 ao
286 473 463 551 Mutinensi,
494 475 615 554 itemque
644 476 671 534 in
700 475 764 535 ood.
790 474 859 534 Bas.
889 479 918 534 et
940 471 1061 534 Vrutisl.
1085 471 1123 533 ll.
1154 475 1188 533 ut
1216 471 1333 532 inlibris

95 578 226 656 scriptis
247 578 388 656 antiquis,
420 579 500 638 recte
527 582 610 639 nosti
638 580 693 654 sit,
721 578 852 639 Venetus
867 561 980 640 aicbat.
1005 577 1082 637 Rob.
1113 575 1193 637 lens.
1217 575 1333 636 Vioenti-
1381 556 1383 567 ¹

109 698 171 740 nam
194 699 254 742 com
277 680 367 741 Voss.
391 679 430 742 ll.
454 679 596 761 reliquus,
624 681 749 741 mendum
772 685 872 743 nostri
894 680 1026 756 obsedit,
1056 686 1086 742 et
1109 699 1195 762 quom
1218 678 1335 738 emenda·
1381 730 1383 737 .

109 787 166 845 tom
188 787 270 845 esset
292 785 319 844 in
342 783 536 845 Ascensianis
559 790 589 845 et
610 785 728 846 Aldinis
750 791 849 861 nosti,
883 785 958 845 redit
980 789 1072 844 tamen
1095 800 1178 844 error
1200 786 1295 844 nostri
1313 783 1335 842 ln
1381 768 1383 823 5

75 884 77 888 ’
109 888 195 967 Virg.
225 887 311 962 Aldi,
340 887 430 948 Teur.
457 892 547 949 1518.
583 887 677 965 bugd.
704 892 795 948 1529.
828 888 902 949 Von.
930 892 1023 948 1555.
1067 891 1191 948 uostia'
1218 905 1294 946 manu
1314 884 1345 945 in'

110 990 241 1069 exemplo
261 990 342 1069 Lips.
365 991 500 1052 Venetae
522 989 600 1050 lens.
690 995 741 1076 qui
756 1004 822 1070 'pro
851 992 925 1075 quid
947 991 1055 1052 Medic.
1078 991 1183 1050 Paris„
1200 988 1253 1050 iv.
1291 994 1334 1050 mi-

110 1115 180 1156 sere
201 1093 308 1155 Aldina
330 1093 355 1155 Ι.
385 1094 438 1155 scd
466 1102 623 1156 correctum
645 1096 674 1155 iu
696 1086 804 1156 Aldina
825 1095 863 1157 ll.
909 1095 1023 1157 dolenti
1045 1112 1098 1175 pro
1128 1075 1260 1157 dolentis
1281 1093 1335 1154 ltie·

109 1197 166 1258 dio.
190 1199 281 1259 Paris.
305 1197 360 1262 lv.
966 1203 968 1208 ’

173 1404 213 1465 v.
237 1407 289 1464 tu.
307 1402 416 1482 (146.)
439 1415 593 1484 nunnus,
614 1419 754 1475 neonus
772 1420 812 1473 m
828 1419 874 1474 ru
898 1419 1042 1473 caunos
1068 1417 1291 1472 onunnunvm
1313 1416 1336 1468 r.
1381 1388 1383 1393 ’

109 1508 242 1571 Vidimus
265 1511 448 1570 commentum
471 1510 499 1569 in
522 1509 597 1570 bruno
619 1529 750 1588 versum,
774 1512 872 1590 etqui
896 1514 1067 1590 sequuntur,
1090 1506 1251 1584 Scaligeri.
1283 1507 1336 1568 lile-

109 1610 166 1671 lius
190 1630 237 1672 res
261 1613 344 1672 nobis
368 1614 477 1689 cessit,
508 1613 559 1673 sed
581 1618 649 1692 post
672 1613 828 1675 diuturnam
852 1615 1073 1689 cogitationem:
1105 1610 1246 1688 Scaliger
1267 1609 1339 1682 iliud,

110 1714 219 1774 utalia
241 1715 375 1791 meliora,
406 1734 444 1777 ex
473 1719 602 1795 tempore
632 1716 755 1778 fuderat.
866 1717 956 1777 Poeta
980 1716 1036 1776 alio
1061 1715 1151 1776 flectit
1173 1717 1340 1774 seutentiam.

110 1819 184 1880 Post
206 1817 302 1879 Lunae
325 1819 569 1900 Endymionisque
591 1821 758 1880 mentionem
791 1837 827 1880 eo
854 1819 936 1879 modo
967 1822 1084 1887 iactam,
1121 1837 1178 1900 qno
1206 1821 1282 1879 lacta
1306 1821 1342 1878 cst

110 1922 249 1982 versibus
271 1923 527 2000 praecedentibus,
557 1922 613 1984 alia
639 1928 787 2003 poterant·
801 1921 934 2001 exempla
955 1923 1138 2002 exspectari,
1170 1922 1207 1982 nd
1230 1921 1342 1983 eamden

111 2027 282 2087 sententiam
304 2027 456 2088 facientia:
481 2028 544 2089 Vos
567 2032 683 2114 uestras
703 2028 851 2088 uobiscum
870 2018 985 2088 bebetis
1006 2032 1108 2086 noctu:
1133 2027 1221 2086 sinite
1238 2044 1283 2085 me
1299 2023 1344 2108 ba-

111 2131 183 2191 bere
205 2149 303 2190 meam.
348 2131 454 2192 Verum
476 2131 504 2191 id
531 2131 617 2192 aliter
646 2132 755 2191 evenit.
799 2129 950 2208 Exempla
969 2134 1141 2210 sequuntur,
1171 2147 1228 2210 non
1260 2145 1344 2189 eornm

112 2233 246 2310 deorum,
274 2234 320 2314 qni
343 2233 509 2314 quotidiana
530 2253 643 2295 suarum
666 2233 934 2295 consuetudine'uti
956 2236 1099 2312 pergunt,
1130 2235 1177 2305 nt,
1201 2231 1345 2293 secundun

113 2329 269 2415 Catonem,
292 2336 371 2398 Luna
393 2337 596 2416 Endymionis,
621 2337 686 2415 sed,
715 2337 790 2418 qnod
814 2337 909 2398 statim
933 2355 972 2395 cx
994 2355 1082 2396 versu
1109 2340 1179 2396 116.
1202 2336 1345 2416 patet,et

112 2460 196 2502 ame
218 2441 334 2517 longius
361 2440 620 2517 demonstrabitur,
651 2459 766 2516 eorum,
795 2441 859 2520 qni,
889 2459 927 2500 ex
956 2441 1078 2500 unanimi
1101 2443 1254 2519 poetarum
1283 2456 1345 2500 con-

113 2563 218 2621 senso,
242 2550 309 2604 ante
331 2543 417 2604 molta
439 2543 555 2605 saecula
570 2545 738 2620 amiserant,
761 2547 791 2604 et
813 2545 840 2603 in
863 2544 984 2604 arbores
1007 2543 1166 2625 doresque,
1188 2561 1224 2604 ac
1244 2543 1345 2618 sidera,

113 2649 194 2709 ubire
218 2649 352 2709 viderant
374 2645 485 2726 puellas
508 2665 593 2721 suus,
616 2664 771 2726 puerosue.
813 2645 846 2706 ln
868 2665 924 2727 quo
947 2647 1102 2723 diiigenter
1125 2647 1297 2719 cavendnm,
1318 2661 1347 2704 nc

114 2753 179 2833 quis
201 2750 327 2810 inbono
349 2769 382 2811 se
405 2768 529 2811 errorem
553 2750 649 2812 induci
672 2751 812 2830 potiatur,
837 2756 868 2834 ut
890 2750 1027 2812 Catonem
1049 2751 1181 2832 invidere
1204 2751 1261 2811 dlis
1281 2767 1347 2830 qnae

20 2841 21 2845 ¹
70 2921 73 2925 ,
114 2855 224 2934 reliqua
245 2856 319 2932 ipsis
347 2855 406 2915 sint
434 2872 555 2914 amorum
584 2855 766 2927 monimenta,
796 2859 889 2933 putet.
942 2852 1031 2935 Quasi
1059 2855 1151 2916 dicat:
1183 2873 1243 2932 ego
1273 2854 1348 2934 plano

115 2957 183 3018 nibil
207 2956 319 3030 babeo,
343 2976 399 3039 quo
422 2955 556 3017 consoler
577 2960 677 3018 memet
697 2959 724 3016 in
743 2957 797 3019 bac
817 2959 980 3035 solitudine,
1003 2977 1058 3038 qua
1072 2959 1213 3019 distineor
1231 2978 1249 3019 a
1267 2957 1348 3037 Lydia

114 3080 195 3120 mea:
231 3079 287 3120 vos
320 3059 419 3121 saltem
449 3059 553 3120 solatia
577 3061 730 3136 desiderii,
767 3063 1005 3144 pristinoromqoo
1035 3081 1158 3133 umorum
1187 3052 1347 3123 monimenta

115 3163 245 3242 habetis,
268 3182 342 3224 nnus
365 3164 479 3242 dorem,
502 3165 567 3225 sive
588 3166 732 3245 arborem,
756 3164 831 3226 alios
853 3167 944 3227 sidus.
989 3167 1055 3227 Non
1078 3171 1160 3226 erant
1187 3171 1244 3227 tum
1266 3164 1347 3245 narro

118 3270 244 3329 contenti
268 3273 384 3329 veteres
407 3271 547 3328 ornatores
554 3287 670 3349 ‚neque
700 3272 771 3330 satis
794 3270 856 3331 lieri
879 3270 1027 3350 cupiditati
1051 3270 1185 3331 inanibus
1207 3271 1347 3331 memoriae

116 3373 317 3434 blandimentis
340 3372 553 3433 existimabant.
598 3373 645 3434 An
669 3374 743 3457 satis
765 3375 857 3435 luisse
879 3365 982 3435 (latoni
1005 3373 1204 3448 censebimus,
1233 3375 1260 3434 si
1281 3389 1347 3432 suan

118 3496 232 3554 sempor
260 3495 355 3544 secum
379 3475 515 3553 Lydiam,
545 3476 572 3535 in
602 3474 698 3537 florem
725 3477 825 3537 nescio
856 3481 937 3558 q'uem
968 3495 1154 3550 conuersum,
1184 3467 1347 3538 habuisset?

118 3581 183 3640 Non
207 3583 285 3658 puto.
330 3579 425 3656 igitur
446 3578 528 3640 alium
551 3581 579 3640 in
602 3599 716 3640 sensum
737 3580 906 3659 accipienda
933 3585 1000 3642 sunt
1021 3579 1094 3640 baec
1116 3579 1260 3660 exempla.
1302 3575 1347 3661 Qui

119 3688 209 3743 autem
233 3683 273 3744 sit
294 3701 416 3760 sensus,
439 3685 512 3744 sutis
535 3684 621 3744 docet
643 3686 707 3763 ipse
730 3702 835 3745 urersus
859 3690 908 3745 42.
1030 3704 1033 3708 ¹

291 3786 400 3863 Luna,
425 3788 513 3849 dolor
534 3792 617 3849 nosti
640 3789 714 3872 quid
736 3792 796 3850 sit:
812 3787 965 3850 'miserere
986 3788 1129 3849 dolentis.

118 3889 216 3967 Luna,
238 3889 395 3963 Phoebus,
420 3889 484 3968 ulii,
508 3892 688 3967 excitantur,
711 3897 757 3968 ut,
780 3893 826 3972 qui
849 3893 905 3970 ipsi
928 3890 994 3951 illus
1017 3890 1116 3951 dulces
1139 3908 1225 3951 ouras
1248 3886 1350 3969 experti

120 3994 192 4065 sint,
216 4010 290 4052 nnnc
312 3994 501 4055 misereantur
524 3994 660 4071 Catonis,
685 4001 714 4056 et
737 3994 869 4074 exenrplo
886 4014 939 4055 suo
957 3999 987 4055 ut
1006 3998 1137 4056 tueantur
1155 4012 1191 4054 ao
1209 3993 1351 4055 defendant

119 4114 231 4156 amores
254 4093 386 4157 Catonis.
431 4097 491 4159 Sed
515 4117 597 4179 quum
620 4098 752 4176 deorum,
782 4119 853 4180 quos
876 4098 973 4160 fabula
994 4100 1137 4159 amavisse
1159 4101 1274 4178 narrat,
1293 4094 1351 4156 iuti·

120 4201 206 4290 nitum
230 4218 297 4260 esse
320 4218 460 4260 numerum
483 4203 587 4276 sciret,
610 4201 719 4281 placuit
739 4208 842 4281 postue
864 4205 892 4262 in
915 4203 955 4263 iis
974 4204 1144 4279 consistere,
1169 4205 1198 4263 et
1217 4203 1247 4262 in
1265 4218 1351 4263 exen-

119 4303 194 4382 plom
222 4303 325 4363 alierre
354 4321 423 4379 eos,
454 4305 492 4364 de
521 4324 638 4385 quorum
666 4307 809 4367 amoribus
838 4311 958 4367 externo
986 4306 1105 4387 quodam
1133 4306 1299 4367 testimonio
1325 4318 1354 4362 ao

121 4407 289 4468 documento
313 4412 445 4468 constare
467 4406 653 4485 intelligeret.
683 4408 784 4489 ltaque
801 4409 944 4470 Phoebum
961 4410 1097 4486 invocat,
1120 4426 1203 4489 qoem
1223 4413 1355 4488 perpetua

121 4510 235 4573 Phoebi
257 4529 369 4590 comes,
391 4509 505 4591 lauros3
527 4510 602 4572 alios
624 4518 837 4593 commemorat,
860 4532 933 4596 qnos
955 4513 1076 4575 arbores
1097 4511 1191 4592 aliae,
1216 4513 1356 4588 lioresue,
