2948 4986
106 196 184 267 250
547 190 835 256 bissaiit‘rn'rio
864 192 888 255 1.
993 222 998 231 ·

106 365 257 448 aliquando
281 366 317 429 de
334 367 448 432 'catone
470 366 600 429 Dirarum
622 374 738 428 auctore
760 370 872 445 posset.
917 367 1023 428 Docuit
1036 366 1209 443 lacobslus,
1234 367 1345 428 iuvenis

108 475 164 532 1010
186 471 316 551 quidem:
348 491 408 532 nam
430 489 512 553 quum
539 470 661 531 lldnnam
684 471 864 532 0100001010
887 472 1153 549 praestantissimus
1176 477 1207 531 et
1230 471 1345 530 maxime

108 573 255 651 amabilis,
285 573 381 653 paullo
404 579 575 655 postquam
598 576 714 653 primum
737 577 765 634 in
788 574 892 636 llluseo
914 573 1057 636 lllrenano
1080 572 1233 635 consillum
1257 571 1343 636 Cato-

109 696 171 740 uem
193 677 294 738 edendi
316 697 404 738 rrueum
427 679 617 755 indicassem,
650 670 788 759 slmulque
810 679 1041 740 observationem
1064 678 1140 739 illum
1162 680 1342 739 meritacum

109 781 193 843 laude
215 783 526 857 commemoravissem,
549 781 726 858 significavit
744 779 831 861 mibi,
853 782 936 842 soavl
960 786 991 843 et
1012 779 1098 861 plone
1120 798 1174 842 000
1187 781 1341 856 modestia,

110 887 219 969 sellam
242 885 333 963 ipsum
356 883 471 945 oblitum
494 885 586 945 luisse
612 881 723 946 inventi
746 887 807 946 sul:
839 885 1053 947 Dissertatione
1075 885 1111 945 de
1134 883 1204 945 Vol.
1228 882 1341 948 Catonis

109 988 210 1059 Diris,¹
230 989 259 1048 ln
282 986 463 1049 Bibliotheca
485 994 546 1048 vet.
570 986 690 1050 litterar.
713 994 799 1070 atque
820 991 890 1049 artis
907 987 1093 1065 Gottiogensi
1108 989 1194 1050 Fasc.
1213 987 1238 1049 1.
1251 1008 1280 1068 p.
1295 991 1339 1049 00.

108 1111 193 1175 seqq.
216 1110 289 1174 quae
312 1090 458 1173 usquead
482 1110 543 1153 cunr
566 1092 639 1153 diem
662 1112 714 1172 pro
733 1111 788 1153 uno
806 1093 927 1153 carmine
941 1090 1058 1152 babilae
1075 1090 1208 1163 luerent,
1233 1093 1339 1163 Diroa,

110 1196 232 1257 induas
254 1197 329 1256 inter
356 1212 396 1256 se
426 1196 559 1257 diversas
589 1200 688 1274 partes
716 1195 888 1256 dividendas
919 1212 1003 1269 esse,
1032 1198 1061 1255 el
1089 1195 1116 1253 ln
1138 1194 1211 1254 'duo
1234 1193 1339 1255 diversa

111 1300 251 1374 carouioa,
275 1316 389 1380 quorum
411 1301 510 1378 prius,
534 1301 652 1377 Dirae,
683 1318 769 1360 versu
796 1304 865 1360 103.
898 1300 1024 1361 Gaudio
1046 1318 1166 1378 semper
1187 1301 1267 1360 enim
1291 1304 1337 1358 rto.

111 1401 308 1476 conciuditur,
330 1399 466 1468 alterum,
490 1407 635 1480 tempore,
658 1404 828 1480 occasione,
851 1410 1019 1480 argumento
1041 1403 1163 1464 aDiris
1188 1403 1336 1476 diversam,

111 1525 128 1566 0
150 1524 256 1580 versu,
279 1507 325 1586 qui
358 1504 448 1581 vulgo
472 1509 535 1567 erat
561 1510 629 1567 104.
652 1507 779 1569 Invideo
801 1507 889 1568 vodio
908 1509 995 1586 apri,
1016 1509 1218 1588 formosaque
1238 1516 1337 1588 prete,

112 1610 223 1697 incipit.
268 1607 302 1671 Si
325 1606 398 1669 baec
419 1627 472 1689 pro
497 1627 552 1670 uuo
574 1608 732 1672 habeantur
761 1613 906 1688 carmine,
938 1617 1036 1691 partes
1066 1610 1146 1671 cerni
1180 1616 1240 1671 tam
1262 1628 1338 1686 argu·

112 1721 206 1774 mento
229 1731 310 1794 quam
333 1711 430 1773 colore
452 1713 605 1789 diversas,
629 1713 706 1774 nullo
726 1715 840 1775 vinculo
854 1733 957 1776 nexas.
995 1714 1039 1776 'ln'
1056 1715 1145 1793 priori
1168 1719 1256 1792 parte
1276 1713 1340 1772 dlras

113 1816 143 1876 in
166 1824 292 1897 ereptum
311 1822 424 1895 poetae
440 1834 539 1897 agrurn
562 1813 845 1894 vehementissimas3
867 1820 894 1878 lo
918 1818 1072 1898 posteriori
1095 1816 1198 1878 rurolles
1222 1815 1339 1897 querelas

113 1919 235 1981 seiuncti
257 1938 274 1980 0
296 1918 392 1999 puella
413 1939 465 1980 sua
487 1920 637 1990 auratoris,
663 1923 703 1982 ita
717 1922 843 2002 quidem,
869 1927 899 1984 01
922 1922 1012 1982 eidem
1033 1938 1123 1998 agro,
1149 1938 1236 2000 quem
1258 1918 1340 1999 paullo

113 2028 181 2085 0010
202 2023 365 2089 devoverat
387 2025 459 2084 oorul
482 2020 583 2100 modo,
607 2042 681 2086 nunc
694 2025 838 2102 invideat,
862 2043 979 2106 eumque
993 2027 1166 2085 fortunatum
1190 2023 1339 2103 praedicet,
1379 2088 1382 2095 ,

115 2127 189 2208 quod
213 2127 252 2188 lbl
275 2130 461 2191 courrmoretur
493 2128 597 2208 Lydia.
641 2125 673 2188 lu
703 2129 789 2208 priori
818 2131 909 2189 omnia
938 2128 1183 2206 indignationem,
1202 2110 1338 2188 'exsecra-

115 2234 209 2292 tiones
232 2232 260 2291 in
281 2249 399 2309 agrum3
428 2233 455 2292 in
482 2233 637 2312 posteriori
668 2231 799 2315 querelas
829 2231 930 2295 molles
952 2250 987 2293 ac
1009 2236 1144 2299 teneras,
1180 2232 1242 2291 irae
1270 2235 1340 2310 atque

114 2334 189 2415 odil,
222 2353 277 2418 quo
314 2335 410 2415 paullo
444 2341 512 2397 aule
551 2339 638 2398 totum
671 2335 809 2415 repletum
841 2337 1017 2408 videramus,
1053 2333 1231 2394 oblivionem
1261 2332 1339 2393 muri-

114 2457 195 2500 mum.
238 2438 326 2500 Plane
348 2442 380 2501 ut
408 2442 567 2518 appareat,
598 2441 643 2520 qul
675 2439 747 2502 baec
775 2439 975 2517 coniungenda
999 2439 1028 2499 ln
1052 2426 1165 2499 carmen
1192 2456 1274 2499 unum
1294 2455 1338 2516 pu·

114 2543 243 2619 taverlt,
267 2560 386 2622 prorsus
409 2546 557 2622 expertem
580 2542 691 2604 consilii
714 2549 827 2623 poetam
849 2546 950 2606 luisse.
994 2541 1118 2617 Contra,
1142 2543 1168 2603 sl
1194 2541 1243 2603 illa
1265 2554 1338 2621 ‘sepa
1380 2562 1382 2575 ·

115 2654 212 2708 rentur
233 2647 314 2707 modo
343 2665 424 2728 quem
452 2646 534 2724 dixi,
564 2647 591 2706 id
621 2648 695 2728 quod
724 2647 785 2709 deri
814 2649 877 2709 0100
905 2646 963 2709 ulla
991 2642 1130 2707 violentia
1153 2642 1338 2707 araimadvertil

78 2798 81 2805 .
114 2750 281 2828 laoobsius,
312 2753 434 2811 carmina
458 2752 602 2812 exsistere
626 2751 700 2828 duo,
728 2769 866 2833 cumpsuu
888 2751 1019 2833 quodque
1041 2750 1121 2810 101110
1146 2768 1183 2811 00
1206 2751 1276 2822 boe,
1295 2763 1338 2807 suc

116 2854 249 2935 quodque
278 2855 398 2915 consilio
431 2856 517 2934 atque
547 2854 655 2916 coloro.
707 2854 819 2915 Deinde
849 2874 930 2936 quum
958 2855 1054 2914 mirum
1087 2870 1157 2914 esse
1186 2859 1256 2916 ante
1279 2849 1338 2910 vlris

117 2957 211 3017 doctis
234 2957 381 3032 debuerit,
405 2959 480 3038 quod
502 2959 631 3020 Bottori
653 2961 772 3039 mentio,
804 2977 886 3040 quem
908 2959 935 3018 in
957 2957 1046 3037 priori
1069 2962 1152 3035 parte
1174 2963 1233 3019 tam
1255 2971 1336 3033 saepe.
1380 2982 1382 2991 ·

118 3064 148 3121 et
169 3077 222 3138 per
244 3059 396 3120 intervalla
411 3078 467 3120 noo
484 3063 523 3122 ita
540 3080 657 3140 magna,
682 3044 831 3141 compellat
851 3060 939 3134 Cato,
963 3061 1067 3123 iodea
1090 3059 1339 3123 veronensem

117 3168 236 3241 repente
258 3167 344 3245 atque
365 3165 519 3242 omittitur,
542 3165 570 3226 ld
593 3183 650 3226 aon
672 3185 739 3226 esse
763 3167 871 3235 mirum,
897 3168 923 3228 sl
942 3165 998 3227 duo
1014 3165 1072 3225 sint
1086 3164 1204 3225 diversa
1224 3163 1337 3226 carmina

118 3265 212 3344 Igitur
238 3265 404 3345 lacobsius,
432 3271 463 3330 ut
491 3269 567 3348 dlxi,
597 3270 697 3331 Diras
728 3270 800 3332 liniri
836 3288 922 3331 versu
954 3267 1025 3330 iod.
1069 3269 1098 3328 et
1129 3267 1205 3348 quod
1230 3265 1338 3348 sequitur

119 3390 247 3449 carmen,
278 3390 381 3433 versus
411 3375 577 3454 octoginta,
606 3374 770 3435 coniectura
801 3373 947 3436 admodum
975 3370 1053 3433 101101
1081 3389 1120 3431 ex
1153 3369 1262 3453 Irydia
1286 3381 1338 3428 east

120 3475 240 3539 Catonis
262 3476 471 3538 animadvertit.

184 3579 265 3641 llaec
288 3583 334 3642 001
356 3577 482 3643 lacobsil
501 3579 657 3660 disputatio
675 3581 813 3661 egregia,
837 3578 987 3656 absoluta,
1009 3577 1076 3640 uibll
1095 3582 1126 3639 01
1146 3576 1265 3639 babeam
1281 3570 1337 3657 quod

120 3681 219 3747 addam
241 3682 298 3744 boc
320 3683 395 3746 loco.
440 3685 560 3746 Praeter
581 3702 679 3745 unum:
692 3685 783 3765 *quod
795 3703 869 3747 uunc
886 3676 985 3745 urdine
1001 3683 1148 3762 posterius
1164 3682 1339 3751 canneneut,

120 3787 201 3865 prius
233 3805 322 3866 esse,
355 3772 468 3868 tempus
490 3788 515 3849 sl
539 3794 672 3869 species,
702 3789 793 3850 Diris.
838 3787 928 3871 Quum
951 3785 1023 3848 enim
1044 3787 1072 3846 in
1095 3784 1152 3848 boc
1174 3788 1293 3848 carrulue
1311 3798 1339 3840 ax

122 3887 229 3970 Lydia
250 3889 288 3951 de
309 3893 461 3954 amissione
488 3893 570 3970 agri,
601 3910 682 3972 quem
711 3892 822 3974 quidem
849 3890 970 3955 Catonis
1001 3908 1068 3951 esse
1091 3908 1211 3965 agrum,
1234 3885 1340 3951 eumden

124 3993 204 4053 culus
226 3994 254 4053 in
276 3992 358 4055 Diris
379 3997 499 4072 mentio,
529 3997 610 4057 etiam
634 3994 801 4072 lacobsius,
830 3999 861 4058 01
882 3996 1015 4069 ridetur,
1038 3995 1156 4071 statuit,
1179 3994 1218 4054 ne
1239 3991 1340 4053 verbum

124 4097 235 4176 quidem
259 4097 343 4176 10011,
377 4099 504 4179 sequitur
537 4117 647 4161 0000000
677 4097 733 4159 boc
754 4099 890 4178 scriptum
912 4101 978 4160 aute
1007 4097 1094 4158 Diras
1124 4114 1208 4174 0000,
1237 4111 1305 4176 quae
1321 4091 1341 4149 lt

124 4201 167 4260 ira
196 4199 314 4264 Catonis
341 4205 460 4280 propter
487 4206 614 4283 ereptum
643 4202 700 4263 sibi
728 4221 827 4283 agrum
855 4205 1018 4265 versantur.
1063 4198 1167 4263 Casum
1192 4217 1299 4281 quoque
1317 4209 1343 4255 ac

124 4303 249 4382 modum,
282 4321 337 4384 quo
360 4303 517 4368 coaluerint
538 4306 656 4367 diversa
677 4306 821 4383 carmina,
851 4304 961 4385 Dirae,
991 4308 1021 4367 et
1049 4323 1161 4366 carmen
1184 4323 1225 4365 ex
1246 4300 1342 4382 tylia,

124 4406 267 4488 probabili
290 4408 400 4470 ratione
420 4412 559 4471 monstrat
578 4408 741 4472 lacobsiur.
786 4409 830 4472 lla
858 4413 950 4473 autem
978 4427 1041 4470 rem
1065 4408 1210 4469 accidisse
1241 4405 1345 4467 maxine

125 4509 276 4592 probabile
298 4511 363 4575 0011.
405 4508 577 4578 sauream
606 4511 688 4578 Diris
710 4512 842 4578 librarius
864 4530 975 4601 carmen
1004 4531 1043 4576 ex
1068 4511 1179 4591 Lydia,
1213 4506 1346 4575 0011010-
