2948 4986
63 282 66 286 Ι
149 196 228 265 aas
608 189 884 259 nrssnnnumo
906 193 966 258 ιιι.-

148 363 205 427 buo
227 366 329 429 saltem
352 365 416 429 loeo
438 361 697 434 aliam'editlo'aem
721 371 862 429 vetustam
885 369 920 429 ad
944 386 1050 428 manum
1072 369 1168 431 inisse
1186 368 1318 431 librarlo.
1340 371 1392 432 Ni·

149 469 322 554 bil-exputo
345 471 420 552 quod
444 471 596 551 probabile
618 473 667 533 slt.
712 470 760 532 Ad
791 470 948 550 lipistolam
977 471 1117 550 Episcopi
1141 471 1310 534 Alerieusis
1331 482 1394 552 post

150 575 244 635 verba
266 578 445 657 imprimam
478 574 602 656 Virgilii
614 577 853 658 'impressionem
860 617 871 650 ,
903 575 947 636 001
975 573 1109 637 Paulam
1130 567 1177 636 ΙΙ.
1219 577 1394 659 Pontificem

150 678 243 740 Mna.
267 677 340 739 baee
363 680 471 740 inserta
493 682 560 740 sunt
582 680 610 738 in
633 678 699 741 cod.
721 677 904 754 basileensi,
935 679 988 739 sed
1008 697 1028 738 a
1050 698 1131 739 uranu
1155 679 1346 756 negligenti,
1368 689 1394 742 et

149 800 222 862 quae
245 782 345 842 eodiee
367 783 432 860 ipsu
453 778 598 843 rebentiur
615 786 678 843 est:
699 780 787 843 eirca
805 802 915 842 uanum
933 784 1043 843 cbristo·
1061 786 1163 843 1165.
1198 782 1284 865 Quae
1297 787 1393 846 eunie-

149 884 356 946 0100000110
380 877 454 945 anno
478 885 613 946 editionis
634 884 780 946 Romanae
802 883 826 946 l.
850 885 967 960 infelix,
991 891 1022 946 ut
1044 887 1117 947 inira
1140 887 1393 949 demonstrabitur.

205 985 333 1051 -codtots
362 986 557 1063 basileensis,
585 986 633 1048 vel
662 989 758 1066 potius
782 990 905 1049 virorum
928 990 1074 1050 doctorum
1098 992 1125 1050 iu
1150 1009 1184 1053 eo
1209 993 1316 1052 codiee
1337 995 1393 1053 siu-

148 1092 264 1168 gularia
287 1093 366 1152 luere
395 1093 465 1155 iata.
516 1091 636 1152 Primam
666 1092 728 1152 eius
756 1095 921 1152 mentionem
949 1093 977 1153 in
1006 1093 1139 1171 bipistola
1161 1096 1199 1156 N.
1225 1095 1342 1159 Heinsii
1363 1097 1393 1157 ad

148 1195 171 1256 l.
185 1195 221 1257 G.
237 1194 392 1258 Graevium
406 1195 444 1256 Τ.
456 1195 510 1258 lv.
524 1194 601 1274 Syll.
616 1197 710 1256 burm.
734 1215 763 1274 pa
781 1200 852 1257 148.
875 1186 1008 1275 reperi03
1032 1199 1068 1256 01.
1088 1199 1157 1259 ibid.
1170 1217 1200 1278 p.
1226 1203 1302 1261 236.
1348 1201 1394 1262 bet

149 1300 222 1362 haee
246 1301 342 1362 statim
363 1317 461 1378 parum
489 1303 622 1360 accurata
649 1298 796 1378 loquutio,
827 1318 882 1380 qua
913 1301 998 1361 etium
1030 1290 1209 1361 Burmanulus
1245 1283 1340 1381 lipist.
1362 1303 1392 1363 ad

149 1403 290 1483 Huppium
314 1423 416 1496 pneu-
439 1405 544 1480 utitur,
566 1404 664 1464 coclea
675 1400 901 1466 Catuleetorum
917 1402 1152 1482 Virpib'aaorum
1169 1405 1392 1469 basileensis:

149 1509 214 1589 quis
237 1509 309 1569 euim
331 1508 379 1587 qui
401 1507 457 1568 buu
478 1506 607 1583 legerit,
632 1507 759 1567 codicem
783 1507 876 1567 omnia
899 1507 1016 1583 Virgilii
1039 1527 1127 1586 opera
1148 1513 1236 1589 atque
1259 1511 1394 1589 opuscula

123 1643 129 1721 p
150 1610 385 1690 complectentem
409 1604 585 1695 exspeotuti
628 1611 732 1671 Exeo
756 1611 856 1670 codiee
879 1616 1018 1689 excerpta
1038 1612 1074 1671 ad
1099 1608 1179 1672 (lirin
1195 1614 1322 1675 Heinsio
1346 1617 1394 1674 mi-

125 1728 129 1829 p·
149 1717 228 1775 serat
249 1713 292 1783 lo.
317 1712 461 1792 liodolplr.
487 1713 686 1789 Wetstenlns,
712 1712 913 1774 Bibliothecae
931 1714 1021 1774 basil.
1046 1718 1102 1775 tum
1123 1717 1305 1794 praelectus.
1340 1719 1394 1778 ba-

109 1816 212 1879 ”dem
234 1836 272 1878 ex
295 1816 414 1877 seluedis
438 1816 555 1898 velex
587 1814 682 1898 aliquo
714 1817 883 1895 exemplari
902 1816 1034 1893 Heinsii,
1069 1820 1294 1882 communicante
1323 1822 1394 1882 bur·

148 1939 267 1996 manno,
291 1920 478 1982 Sebraderns
496 1919 618 1981 habuit:
643 1923 681 1984 01.
705 1919 859 1984 Sebraderi
885 1921 1113 1985 bmurudationum
1136 1921 1211 1982 liber
1234 1942 1263 2001 p.
1281 1929 1393 1986 3151.

149 2029 201 2084 56.
225 2023 305 2085 alibi.
356 2024 471 2086 Rursus
500 2044 539 2085 ex
569 2026 699 2101 margine
728 2023 794 2085 libri
824 2023 962 2101 alieuius,
993 2026 1021 2085 iu
1051 2045 1132 2105 quem
1164 2043 1200 2086 ea
1234 2030 1394 2090 coniecerat

149 2128 349 2205 Schraderus,
381 2130 480 2190 eadem
510 2130 548 2191 H.
578 2129 818 2202 Friesemannns‚
847 2127 899 2187 sed
929 2129 981 2187 iam
1015 2147 1070 2188 non
1100 2129 1210 2190 eadem.
1257 2130 1394 2213 Quantum

148 2235 220 2294 enlm
243 2232 333 2309 longa
356 2235 421 2306 via,
456 2233 520 2293 dum
543 2251 580 2292 ex
605 2251 659 2293 una
680 2250 762 2292 manu
785 2233 812 2292 in
835 2229 951 2291 alteram
975 2232 1140 2307 traduntur,
1176 2233 1322 2296 lectiones
1343 2253 1393 2296 00-

148 2337 223 2398 dieis
246 2335 443 2411 basileensis,
466 2337 566 2397 neseio
590 2339 681 2397 utrum
709 2335 802 2414 aliqua
825 2335 979 2395 Wetsteuii
1002 2349 1039 2394 an·
1061 2333 1175 2396 Heinsii
1210 2338 1314 2418 eulpa,
1344 2340 1391 2400 sed

149 2442 242 2517 magis
262 2446 334 2519 puto
359 2439 530 2509 Schraderi,
555 2443 585 2501 et
606 2441 725 2499 maxime
748 2437 941 2510 briesenrauui
965 2435 1049 2516 eulpa
1072 2455 1106 2498 ae
1129 2439 1390 2516 negligentia,im-

149 2549 272 2605 mutatae
294 2561 328 2605 ae
351 2543 524 2604 deformatae
545 2544 665 2617 luerint,
697 2543 749 2601 vix
778 2541 833 2601 dioi
868 2541 967 2601 verbis
999 2545 1048 2601 aut
1070 2542 1148 2609 credi
1171 2544 1264 2605 oeulis
1288 2553 1390 2626 potest.

148 2647 214 2708 Non
228 2646 302 2707 dieu
323 2647 457 2707 usrraam
480 2645 592 2723 multis,
615 2647 662 2726 qui
685 2644 777 2706 libros
800 2645 969 2723 uenierunt,
1003 2644 1230 2726 negligentiam,
1256 2650 1391 2727 vulgares

148 2767 281 2811 errores:
305 2750 344 2810 ita
367 2747 434 2809 illae
456 2749 616 2823 immutatae
639 2753 722 2823 sunt,
754 2753 784 2808 ut
807 2766 898 2828 saepe
921 2749 957 2809 de
980 2767 1033 2823 eu,
1057 2749 1132 2829 quod
1157 2751 1184 2810 in
1210 2754 1316 2814 codiee
1337 2756 1390 2816 ba-

149 2853 268 2914 slleensi
292 2853 428 2931 seriptum
451 2851 748 2913 essebriesemaunus
770 2851 856 2928 dieit,
880 2871 973 2930 saepe
993 2870 1046 2913 nee
1071 2853 1137 2912 vola
1161 2873 1216 2915 neo
1240 2859 1389 2934 vestigium

148 2959 288 3034 appareat
310 2957 338 3013 in
369 2956 467 3015 codiee
500 2937 674 3015 basileensi.
726 2954 778 3014 Sie
810 2956 1090 3035 quodSeluraderus
1113 2958 1265 3023 Emendat.
1289 2980 1322 3040 pr
1344 2967 1387 3023 56.

39 3108 43 3113 .
148 3058 251 3119 seribit
274 3059 302 3130 iu
326 3054 386 3119 (liri
409 3077 439 3117 v.
464 3062 535 3119 218.
569 3055 693 3117 codicem
724 3046 921 3119 basileensem
955 3062 1108 3122 nictantia
1136 3061 1246 3124 babere
1268 3066 1298 3127 in
1320 3083 1387 3126 mar-

147 3161 237 3237 gine,
261 3162 372 3221 unminu
395 3159 495 3221 salsum
520 3163 589 3221 esta
621 3160 800 3222 basileensis
823 3163 863 3221 iu¹
881 3180 968 3222 versu
992 3165 1056 3241 ipso
1078 3171 1223 3228 aaronita
1246 3167 1334 3229 babet
1355 3170 1385 3229 ita

148 3267 305 3343 seriptum,
329 3269 360 3326 ut
383 3266 465 3326 etiam
487 3268 643 3326 aletuaeia
667 3264 767 3341 lugere
790 3266 905 3345 possis,
931 3276 1027 3327 namt
1049 3273 1078 3328 et
1100 3289 1117 3330 e
1141 3248 1273 3344 litterae,
1288 3273 1384 3331 diserte

148 3371 278 3430 monente
301 3368 505 3445 Bruemmelio,
529 3371 556 3429 in
578 3367 633 3430 bae
657 3372 818 3448 posteriore
842 3369 949 3430 codicis
974 3377 1054 3448 parte
1078 3372 1164 3433 valde
1187 3379 1256 3435 suut
1270 3376 1343 3435 iuter
1358 3389 1383 3432 se

147 3473 273 3542 similes,
306 3478 335 3535 et
363 3474 415 3534 vix
446 3472 550 3554 ubique
573 3473 813 3551 dignoscendam
847 3475 874 3533 in
897 3476 1027 3549 margine
1051 3474 1141 3535 nibil.
1175 3476 1382 3538 Friesemanuus

148 3577 175 3636 iu
200 3576 363 3638 basileensi
386 3556 422 3636 ab
440 3573 501 3639 Cir.
525 3596 554 3636 v.
575 3581 623 3637 11.
647 3580 676 3638 01
699 3596 797 3637 rursus
820 3578 856 3637 ad
879 3598 909 3643 v.
924 3583 995 3640 118.
1018 3579 1054 3639 01
1080 3599 1109 3638 v.
1127 3583 1200 3641 291.
1226 3583 1262 3641 ad
1278 3601 1307 3642 v.
1322 3584 1380 3642 321.

148 3679 253 3760 aliquid
286 3680 459 3759 adscriptum
490 3698 557 3742 esse
588 3680 693 3742 tradit:
716 3686 764 3758 ut,
788 3682 851 3762 quis
873 3674 994 3742 eredat?
1015 3699 1048 3741 re
1070 3701 1143 3742 vera
1166 3681 1234 3745 nibil
1253 3686 1380 3766 quippiam

148 3783 184 3844 ad
208 3781 262 3843 bus
284 3782 366 3843 locos
388 3784 561 3863 adscriptum
589 3785 617 3843 in
638 3783 824 3844 basileensi.
875 3784 971 3861 Igitur
1004 3787 1076 3847 haee
1104 3788 1231 3847 immanis
1252 3789 1380 3869 quaedam

149 3886 327 3964 perturbatio
350 3892 436 3967 atque
459 3889 588 3949 conlusio
611 3892 672 3961 est,
686 3887 749 3947 ‘sed
771 3887 857 3950 laoile
880 3888 1060 3967 explicanda.
1106 3887 1261 3952 Collationi
1284 3890 1381 3952 codluiu
1429 3965 1431 3972 ἱ

150 3987 346 4059 basileensis,
371 4008 452 4069 quam
474 3998 541 4052 ante
564 3990 664 4051 oeulos
696 3990 822 4053 babebat
844 3992 1080 4070 Friesemanuus,
1112 3993 1188 4053 aliae
1215 3993 1330 4056 aliunde
1351 3993 1382 4054 le·

149 4094 278 4165 stiones,
302 4094 384 4153 etiam
413 4094 609 4170 eonieeturae,
637 4095 796 4173 adspersae
818 4101 900 4157 eraut
921 4101 1007 4177 atque
1027 4098 1227 4172 intermixtae,
1251 4096 1383 4180 quasillo

149 4202 269 4258 euuotas
292 4213 393 4256 seeure
414 4195 449 4256 ad
473 4196 669 4259 basileensem
700 4196 806 4259 retulit.
862 4200 900 4260 Et
927 4203 1053 4261 tortasse
1082 4219 1116 4261 ea
1146 4204 1279 4264 confusio
1303 4206 1385 4265 lama

149 4299 311 4362 Schradero
334 4304 363 4362 et
386 4299 508 4360 Heinsio
537 4301 669 4381 incepit:
701 4303 738 4362 01.
762 4301 875 4364 Heinsii
897 4303 933 4363 ad
957 4303 1111 4365 Graevium
1133 4306 1229 4384 llpist.
1266 4328 1296 4387 p.
1322 4311 1385 4367 121).

147 4403 186 4464 Τ.
210 4403 263 4464 Ν.
288 4403 365 4482 Syll.
388 4404 483 4465 burm.
529 4402 637 4464 blellor
658 4405 732 4485 apud
756 4405 900 4484 Heynium
923 4406 1056 4483 collatio,
1080 4426 1119 4468 ex
1142 4408 1262 4471 schedis
1278 4409 1387 4472 lleinsii

147 4525 206 4569 non
228 4508 338 4590 ipsius,
361 4510 391 4571 ut
414 4506 544 4586 videtur,
566 4509 619 4571 sed
642 4513 793 4586 aeeurate,
818 4509 974 4590 desnriptis
995 4511 1208 4594 aSobradero,
1229 4533 1388 4599 quamquam
