<?xml version="1.0" encoding="UTF-8"?>
<!DOCTYPE html PUBLIC "-//W3C//DTD XHTML 1.0 Transitional//EN"
    "http://www.w3.org/TR/xhtml1/DTD/xhtml1-transitional.dtd">
<html xmlns="http://www.w3.org/1999/xhtml" xml:lang="en" lang="en">
 <head>
  <title>
</title>
<meta http-equiv="Content-Type" content="text/html;charset=utf-8" />
  <meta name='ocr-system' content='tesseract 3.04.00' />
  <meta name='ocr-capabilities' content='ocr_page ocr_carea ocr_par ocr_line ocrx_word'/>
</head>
<body>
  <div class='ocr_page' id='page_1' title='image "./carminavaleriic00catogoog_0155.png"; bbox 0 0 2948 4986; ppageno 0'>
   <div class='ocr_carea' id='block_1_1' title="bbox 108 174 931 249">
    <p class='ocr_par' dir='ltr' id='par_1_1' title="bbox 108 174 931 249">
     <span class='ocr_line' id='line_1_1' title="bbox 108 174 931 249; baseline -0.011 0"><span class='ocrx_word' id='word_1_1' title='bbox 108 177 186 249; x_wconf 75' lang='lat'>138</span> <span class='ocrx_word' id='word_1_2' title='bbox 247 206 249 212; x_wconf 93' lang='lat'>·</span> <span class='ocrx_word' id='word_1_3' title='bbox 529 174 931 241; x_wconf 77' lang='lat' dir='ltr'>Anlornnvnoswnns</span> 
     </span>
    </p>
   </div>
   <div class='ocr_carea' id='block_1_2' title="bbox 107 342 1355 1137">
    <p class='ocr_par' dir='ltr' id='par_1_2' title="bbox 107 342 1355 1137">
     <span class='ocr_line' id='line_1_2' title="bbox 108 342 776 430; baseline 0 -20"><span class='ocrx_word' id='word_1_4' title='bbox 108 349 147 411; x_wconf 77' lang='lat' dir='ltr'>iit</span> <span class='ocrx_word' id='word_1_5' title='bbox 169 350 262 427; x_wconf 79' lang='lat' dir='ltr'>magis</span> <span class='ocrx_word' id='word_1_6' title='bbox 266 342 384 411; x_wconf 86' lang='lat' dir='ltr'>similis</span> <span class='ocrx_word' id='word_1_7' title='bbox 406 350 570 430; x_wconf 77' lang='lat' dir='ltr'>Propertii,</span> <span class='ocrx_word' id='word_1_8' title='bbox 592 349 616 412; x_wconf 91' lang='lat' dir='ltr'>l.</span> <span class='ocrx_word' id='word_1_9' title='bbox 640 373 701 426; x_wconf 84' lang='lat' dir='ltr'>xv,</span> <span class='ocrx_word' id='word_1_10' title='bbox 725 355 776 412; x_wconf 84' lang='lat' dir='ltr'>al.</span> 
     </span>
     <span class='ocr_line' id='line_1_3' title="bbox 325 454 1102 544; baseline -0.003 -28"><span class='ocrx_word' id='word_1_11' title='bbox 325 454 421 544; x_wconf 80' lang='lat' dir='ltr'>Quam</span> <span class='ocrx_word' id='word_1_12' title='bbox 443 465 497 515; x_wconf 83' lang='lat' dir='ltr'>tua</span> <span class='ocrx_word' id='word_1_13' title='bbox 519 454 576 516; x_wconf 83' lang='lat' dir='ltr'>sub</span> <span class='ocrx_word' id='word_1_14' title='bbox 598 465 703 516; x_wconf 86' lang='lat' dir='ltr'>nostro</span> <span class='ocrx_word' id='word_1_15' title='bbox 725 464 785 516; x_wconf 84' lang='lat' dir='ltr'>mut</span> <span class='ocrx_word' id='word_1_16' title='bbox 773 462 853 515; x_wconf 82' lang='lat' dir='ltr'>tetur</span> <span class='ocrx_word' id='word_1_17' title='bbox 872 462 995 536; x_wconf 79' lang='lat' dir='ltr'><em>pectore</em></span> <span class='ocrx_word' id='word_1_18' title='bbox 1016 473 1102 517; x_wconf 83' lang='lat' dir='ltr'>cura.</span> 
     </span>
     <span class='ocr_line' id='line_1_4' title="bbox 108 543 1295 637; baseline -0.006 -18"><span class='ocrx_word' id='word_1_19' title='bbox 108 553 157 620; x_wconf 82' lang='lat' dir='ltr'>Gi.</span> <span class='ocrx_word' id='word_1_20' title='bbox 179 543 253 617; x_wconf 89' lang='lat' dir='ltr'>idem</span> <span class='ocrx_word' id='word_1_21' title='bbox 276 557 407 635; x_wconf 86' lang='lat' dir='ltr'>Propert.</span> <span class='ocrx_word' id='word_1_22' title='bbox 430 556 469 618; x_wconf 90' lang='grc'>11.</span> <span class='ocrx_word' id='word_1_23' title='bbox 493 580 553 634; x_wconf 84' lang='lat' dir='ltr'>xv,</span> <span class='ocrx_word' id='word_1_24' title='bbox 577 562 629 621; x_wconf 83' lang='grc'>35.</span> <span class='ocrx_word' id='word_1_25' title='bbox 652 558 700 618; x_wconf 91' lang='lat' dir='ltr'>ubi</span> <span class='ocrx_word' id='word_1_26' title='bbox 723 574 826 619; x_wconf 89' lang='lat' dir='ltr'>rursus</span> <span class='ocrx_word' id='word_1_27' title='bbox 848 562 916 637; x_wconf 93' lang='lat' dir='ltr'>post</span> <span class='ocrx_word' id='word_1_28' title='bbox 938 560 1101 618; x_wconf 90' lang='lat' dir='ltr'>enumerata</span> <span class='ocrx_word' id='word_1_29' title='bbox 1125 548 1295 616; x_wconf 74' lang='grc' dir='ltr'>ἀδύνατα·</span> 
     </span>
     <span class='ocr_line' id='line_1_5' title="bbox 325 660 1141 750; baseline 0.002 -30"><span class='ocrx_word' id='word_1_30' title='bbox 325 660 422 750; x_wconf 78' lang='lat' dir='ltr'>(tucm</span> <span class='ocrx_word' id='word_1_31' title='bbox 441 664 559 743; x_wconf 79' lang='lat' dir='ltr'>poesim</span> <span class='ocrx_word' id='word_1_32' title='bbox 580 670 703 725; x_wconf 79' lang='lat' dir='ltr'>nodtroo</span> <span class='ocrx_word' id='word_1_33' title='bbox 727 661 790 723; x_wconf 86' lang='lat' dir='ltr'>atio</span> <span class='ocrx_word' id='word_1_34' title='bbox 812 661 987 740; x_wconf 81' lang='lat' dir='ltr'>transferre</span> <span class='ocrx_word' id='word_1_35' title='bbox 1007 661 1141 723; x_wconf 81' lang='lat' dir='ltr'>calores.</span> 
     </span>
     <span class='ocr_line' id='line_1_6' title="bbox 108 761 1355 836; baseline -0.002 -11"><span class='ocrx_word' id='word_1_36' title='bbox 108 761 220 825; x_wconf 78' lang='lat' dir='ltr'>Laudat</span> <span class='ocrx_word' id='word_1_37' title='bbox 241 768 367 824; x_wconf 90' lang='lat' dir='ltr'>nostrum</span> <span class='ocrx_word' id='word_1_38' title='bbox 390 763 481 824; x_wconf 91' lang='lat' dir='ltr'>locum</span> <span class='ocrx_word' id='word_1_39' title='bbox 503 763 702 825; x_wconf 82' lang='lat' dir='ltr'>Broulrbusius</span> <span class='ocrx_word' id='word_1_40' title='bbox 725 765 753 824; x_wconf 89' lang='lat' dir='ltr'>ln</span> <span class='ocrx_word' id='word_1_41' title='bbox 776 762 885 825; x_wconf 81' lang='lat' dir='ltr'>&#39;tibull</span> <span class='ocrx_word' id='word_1_42' title='bbox 907 761 1073 836; x_wconf 85' lang='lat' dir='ltr'>111.1‚2o.</span> <span class='ocrx_word' id='word_1_43' title='bbox 1097 763 1146 823; x_wconf 91' lang='lat' dir='ltr'>ubi</span> <span class='ocrx_word' id='word_1_44' title='bbox 1170 763 1288 823; x_wconf 76' lang='lat' dir='ltr'><strong>confert</strong></span> <span class='ocrx_word' id='word_1_45' title='bbox 1307 763 1355 823; x_wconf 91' lang='lat' dir='ltr'>in-</span> 
     </span>
     <span class='ocr_line' id='line_1_7' title="bbox 110 850 1355 950; baseline 0 -23"><span class='ocrx_word' id='word_1_46' title='bbox 110 871 155 927; x_wconf 88' lang='lat' dir='ltr'>ter</span> <span class='ocrx_word' id='word_1_47' title='bbox 179 884 213 927; x_wconf 78' lang='lat' dir='ltr'>se</span> <span class='ocrx_word' id='word_1_48' title='bbox 235 865 339 927; x_wconf 81' lang='lat' dir='ltr'>similia</span> <span class='ocrx_word' id='word_1_49' title='bbox 359 869 519 942; x_wconf 72' lang='lat' dir='ltr'>cecidere,</span> <span class='ocrx_word' id='word_1_50' title='bbox 550 867 695 950; x_wconf 74' lang='lat' dir='ltr'><em>effluere,</em></span> <span class='ocrx_word' id='word_1_51' title='bbox 725 867 801 928; x_wconf 81' lang='lat' dir='ltr'>labi.</span> <span class='ocrx_word' id='word_1_52' title='bbox 845 850 989 947; x_wconf 68' lang='lat' dir='ltr'>emiprer&#39;rt</span> <span class='ocrx_word' id='word_1_53' title='bbox 1011 866 1134 931; x_wconf 82' lang='lat' dir='ltr'>Vratlsl.</span> <span class='ocrx_word' id='word_1_54' title='bbox 1159 867 1184 927; x_wconf 87' lang='lat'>1.</span> <span class='ocrx_word' id='word_1_55' title='bbox 1213 871 1355 946; x_wconf 80' lang='lat' dir='ltr'>emiperet</span> 
     </span>
     <span class='ocr_line' id='line_1_8' title="bbox 108 968 1353 1049; baseline 0.001 -19"><span class='ocrx_word' id='word_1_56' title='bbox 108 968 230 1031; x_wconf 85' lang='lat' dir='ltr'>Vratlsl.</span> <span class='ocrx_word' id='word_1_57' title='bbox 253 969 292 1030; x_wconf 92' lang='lat' dir='ltr'>ll.</span> <span class='ocrx_word' id='word_1_58' title='bbox 336 991 414 1032; x_wconf 85' lang='lat' dir='ltr'>earu</span> <span class='ocrx_word' id='word_1_59' title='bbox 435 972 566 1048; x_wconf 78' lang='lat' dir='ltr'>August.</span> <span class='ocrx_word' id='word_1_60' title='bbox 597 968 727 1033; x_wconf 76' lang='lat' dir='ltr'>mentulis</span> <span class='ocrx_word' id='word_1_61' title='bbox 749 971 844 1032; x_wconf 86' lang='lat' dir='ltr'>Paris.</span> <span class='ocrx_word' id='word_1_62' title='bbox 867 971 907 1033; x_wconf 89' lang='lat'>11.</span> <span class='ocrx_word' id='word_1_63' title='bbox 930 969 983 1031; x_wconf 92' lang='lat' dir='ltr'>sed</span> <span class='ocrx_word' id='word_1_64' title='bbox 1006 987 1094 1049; x_wconf 87' lang='lat' dir='ltr'>supra</span> <span class='ocrx_word' id='word_1_65' title='bbox 1115 969 1215 1031; x_wconf 87' lang='lat' dir='ltr'>addito</span> <span class='ocrx_word' id='word_1_66' title='bbox 1238 970 1261 1030; x_wconf 89' lang='lat' dir='ltr'>t.</span> <span class='ocrx_word' id='word_1_67' title='bbox 1296 990 1353 1031; x_wconf 85' lang='lat' dir='ltr'>me·</span> 
     </span>
     <span class='ocr_line' id='line_1_9' title="bbox 107 1056 520 1137; baseline 0.002 -3"><span class='ocrx_word' id='word_1_68' title='bbox 107 1072 191 1137; x_wconf 72' lang='lat' dir='ltr'>dubo</span> <span class='ocrx_word' id='word_1_69' title='bbox 214 1075 297 1136; x_wconf 89' lang='lat' dir='ltr'>etiam</span> <span class='ocrx_word' id='word_1_70' title='bbox 319 1073 413 1134; x_wconf 88' lang='lat' dir='ltr'>Paris.</span> <span class='ocrx_word' id='word_1_71' title='bbox 434 1073 489 1136; x_wconf 85' lang='lat' dir='ltr'>lV.</span> <span class='ocrx_word' id='word_1_72' title='bbox 513 1056 520 1062; x_wconf 39' lang='lat'><em>⁸</em></span> 
     </span>
    </p>
   </div>
   <div class='ocr_carea' id='block_1_3' title="bbox 107 1278 1386 4605">
    <p class='ocr_par' dir='ltr' id='par_1_3' title="bbox 171 1278 1349 1562">
     <span class='ocr_line' id='line_1_10' title="bbox 171 1278 1349 1361; baseline 0.004 -20"><span class='ocrx_word' id='word_1_73' title='bbox 171 1279 297 1342; x_wconf 86' lang='lat' dir='ltr'>V.1o2.</span> <span class='ocrx_word' id='word_1_74' title='bbox 322 1293 486 1359; x_wconf 76' lang='lat' dir='ltr'><strong>QUAMVIS</strong></span> <span class='ocrx_word' id='word_1_75' title='bbox 504 1293 603 1348; x_wconf 83' lang='lat' dir='ltr'>lGNlS</span> <span class='ocrx_word' id='word_1_76' title='bbox 621 1293 718 1358; x_wconf 74' lang='lat' dir='ltr'>nbrS,</span> <span class='ocrx_word' id='word_1_77' title='bbox 737 1278 902 1359; x_wconf 75' lang='lat' dir='ltr'>Quamvis</span> <span class='ocrx_word' id='word_1_78' title='bbox 920 1293 1035 1361; x_wconf 81' lang='lat' dir='ltr'>AQUA,</span> <span class='ocrx_word' id='word_1_79' title='bbox 1053 1292 1201 1348; x_wconf 74' lang='lat' dir='ltr'><strong>SEMPER</strong></span> <span class='ocrx_word' id='word_1_80' title='bbox 1219 1294 1349 1348; x_wconf 70' lang='lat' dir='ltr'>Amabo.</span> 
     </span>
     <span class='ocr_line' id='line_1_11' title="bbox 172 1378 1027 1471; baseline -0.006 -24"><span class='ocrx_word' id='word_1_81' title='bbox 172 1384 323 1471; x_wconf 70' lang='lat' dir='ltr'>Quemvis</span> <span class='ocrx_word' id='word_1_82' title='bbox 345 1387 428 1464; x_wconf 71' lang='lat' dir='ltr'>tynis</span> <span class='ocrx_word' id='word_1_83' title='bbox 451 1378 528 1466; x_wconf 79' lang='lat' dir='ltr'>eris]</span> <span class='ocrx_word' id='word_1_84' title='bbox 551 1381 780 1445; x_wconf 78' lang='lat' dir='ltr'>Proverbialiter</span> <span class='ocrx_word' id='word_1_85' title='bbox 802 1383 878 1444; x_wconf 82' lang='lat' dir='ltr'>dixit</span> <span class='ocrx_word' id='word_1_86' title='bbox 899 1401 939 1445; x_wconf 85' lang='lat' dir='ltr'>ex</span> <span class='ocrx_word' id='word_1_87' title='bbox 952 1383 1027 1463; x_wconf 81' lang='lat' dir='ltr'>¹illo:</span> 
     </span>
     <span class='ocr_line' id='line_1_12' title="bbox 304 1476 1136 1562; baseline 0.001 -19"><span class='ocrx_word' id='word_1_88' title='bbox 304 1519 343 1530; x_wconf 90' lang='lat'><em>-</em></span> <span class='ocrx_word' id='word_1_89' title='bbox 368 1482 438 1543; x_wconf 72' lang='grc' dir='ltr'><strong><em>ἄλλ’</em></strong></span> <span class='ocrx_word' id='word_1_90' title='bbox 460 1481 556 1560; x_wconf 75' lang='grc' dir='ltr'><em>ὑμεῖς</em></span> <span class='ocrx_word' id='word_1_91' title='bbox 578 1481 638 1559; x_wconf 83' lang='grc' dir='ltr'>μὲι</span> <span class='ocrx_word' id='word_1_92' title='bbox 660 1476 768 1560; x_wconf 78' lang='grc' dir='ltr'><em>ὕδωρ,</em></span> <span class='ocrx_word' id='word_1_93' title='bbox 794 1482 851 1542; x_wconf 70' lang='grc' dir='ltr'>καί</span> <span class='ocrx_word' id='word_1_94' title='bbox 870 1489 948 1561; x_wconf 82' lang='grc' dir='ltr'><em>γαῖα</em></span> <span class='ocrx_word' id='word_1_95' title='bbox 971 1485 1136 1562; x_wconf 74' lang='grc' dir='ltr'><strong><em>γένοισθε.</em></strong></span> 
     </span>
    </p>

    <p class='ocr_par' dir='ltr' id='par_1_4' title="bbox 107 1589 1386 4361">
     <span class='ocr_line' id='line_1_13' title="bbox 107 1589 1345 1670; baseline 0.002 -19"><span class='ocrx_word' id='word_1_96' title='bbox 107 1589 216 1651; x_wconf 79' lang='lat' dir='ltr'>liudem</span> <span class='ocrx_word' id='word_1_97' title='bbox 237 1591 382 1669; x_wconf 84' lang='lat' dir='ltr'>sententia</span> <span class='ocrx_word' id='word_1_98' title='bbox 410 1609 471 1651; x_wconf 90' lang='lat' dir='ltr'>cnm</span> <span class='ocrx_word' id='word_1_99' title='bbox 487 1590 714 1670; x_wconf 86' lang='lat' dir='ltr'>superioribus:</span> <span class='ocrx_word' id='word_1_100' title='bbox 745 1592 814 1651; x_wconf 81' lang='lat' dir='ltr'>sice</span> <span class='ocrx_word' id='word_1_101' title='bbox 841 1593 923 1665; x_wconf 86' lang='lat' dir='ltr'>eris,</span> <span class='ocrx_word' id='word_1_102' title='bbox 957 1597 987 1651; x_wconf 85' lang='lat' dir='ltr'>et</span> <span class='ocrx_word' id='word_1_103' title='bbox 1015 1592 1046 1652; x_wconf 81' lang='lat' dir='ltr'>st</span> <span class='ocrx_word' id='word_1_104' title='bbox 1067 1609 1127 1651; x_wconf 79' lang='lat' dir='ltr'>con</span> <span class='ocrx_word' id='word_1_105' title='bbox 1148 1592 1206 1652; x_wconf 86' lang='lat' dir='ltr'>ele.</span> <span class='ocrx_word' id='word_1_106' title='bbox 1253 1603 1345 1658; x_wconf 79' lang='grc'><strong>8611..</strong></span> 
     </span>
     <span class='ocr_line' id='line_1_14' title="bbox 108 1690 1344 1777; baseline -0.001 -24"><span class='ocrx_word' id='word_1_107' title='bbox 108 1693 167 1755; x_wconf 89' lang='lat' dir='ltr'>llic</span> <span class='ocrx_word' id='word_1_108' title='bbox 187 1692 237 1754; x_wconf 91' lang='lat' dir='ltr'>ille</span> <span class='ocrx_word' id='word_1_109' title='bbox 259 1712 364 1754; x_wconf 87' lang='lat' dir='ltr'>versos</span> <span class='ocrx_word' id='word_1_110' title='bbox 385 1700 447 1763; x_wconf 84' lang='lat' dir='ltr'>est,</span> <span class='ocrx_word' id='word_1_111' title='bbox 478 1711 518 1754; x_wconf 86' lang='lat' dir='ltr'>ex</span> <span class='ocrx_word' id='word_1_112' title='bbox 539 1711 594 1774; x_wconf 88' lang='lat' dir='ltr'>quo</span> <span class='ocrx_word' id='word_1_113' title='bbox 609 1693 673 1777; x_wconf 26' lang='lat' dir='ltr'>‘vel</span> <span class='ocrx_word' id='word_1_114' title='bbox 703 1711 757 1753; x_wconf 89' lang='lat' dir='ltr'>uno</span> <span class='ocrx_word' id='word_1_115' title='bbox 786 1690 942 1753; x_wconf 82' lang='lat' dir='ltr'>historiam.</span> <span class='ocrx_word' id='word_1_116' title='bbox 961 1694 1088 1754; x_wconf 88' lang='lat' dir='ltr'>scribere</span> <span class='ocrx_word' id='word_1_117' title='bbox 1118 1695 1271 1754; x_wconf 80' lang='lat' dir='ltr'>carminum</span> <span class='ocrx_word' id='word_1_118' title='bbox 1294 1691 1344 1755; x_wconf 82' lang='lat' dir='ltr'>Ca-</span> 
     </span>
     <span class='ocr_line' id='line_1_15' title="bbox 108 1789 1343 1878; baseline 0.001 -20"><span class='ocrx_word' id='word_1_119' title='bbox 108 1796 201 1868; x_wconf 84' lang='lat' dir='ltr'>tonis,</span> <span class='ocrx_word' id='word_1_120' title='bbox 225 1794 514 1878; x_wconf 52' lang='lat' dir='ltr'>aliorumquepquae</span> <span class='ocrx_word' id='word_1_121' title='bbox 536 1797 618 1857; x_wconf 84' lang='lat' dir='ltr'>luere</span> <span class='ocrx_word' id='word_1_122' title='bbox 640 1789 669 1856; x_wconf 91' lang='lat' dir='ltr'>in</span> <span class='ocrx_word' id='word_1_123' title='bbox 691 1795 839 1857; x_wconf 86' lang='lat' dir='ltr'>luvenalis</span> <span class='ocrx_word' id='word_1_124' title='bbox 861 1795 933 1858; x_wconf 83' lang='lat' dir='ltr'>bodi</span> <span class='ocrx_word' id='word_1_125' title='bbox 955 1794 1085 1873; x_wconf 79' lang='lat' dir='ltr'>Libello,</span> <span class='ocrx_word' id='word_1_126' title='bbox 1116 1797 1247 1858; x_wconf 88' lang='lat' dir='ltr'>criticam</span> <span class='ocrx_word' id='word_1_127' title='bbox 1270 1797 1343 1873; x_wconf 89' lang='lat' dir='ltr'>lieet,</span> 
     </span>
     <span class='ocr_line' id='line_1_16' title="bbox 108 1899 1343 1981; baseline 0.001 -22"><span class='ocrx_word' id='word_1_128' title='bbox 108 1902 139 1960; x_wconf 86' lang='lat' dir='ltr'>et</span> <span class='ocrx_word' id='word_1_129' title='bbox 161 1901 208 1980; x_wconf 92' lang='lat' dir='ltr'>qui</span> <span class='ocrx_word' id='word_1_130' title='bbox 230 1901 287 1960; x_wconf 91' lang='lat' dir='ltr'>sint</span> <span class='ocrx_word' id='word_1_131' title='bbox 308 1899 377 1962; x_wconf 92' lang='lat' dir='ltr'>boni</span> <span class='ocrx_word' id='word_1_132' title='bbox 399 1899 481 1974; x_wconf 90' lang='lat' dir='ltr'>libri,</span> <span class='ocrx_word' id='word_1_133' title='bbox 504 1901 551 1981; x_wconf 86' lang='lat' dir='ltr'>qui</span> <span class='ocrx_word' id='word_1_134' title='bbox 572 1901 662 1960; x_wconf 88' lang='lat' dir='ltr'>minus</span> <span class='ocrx_word' id='word_1_135' title='bbox 677 1899 767 1973; x_wconf 90' lang='lat' dir='ltr'>boni,</span> <span class='ocrx_word' id='word_1_136' title='bbox 792 1899 959 1961; x_wconf 85' lang='lat' dir='ltr'>decernere.</span> <span class='ocrx_word' id='word_1_137' title='bbox 1001 1900 1094 1962; x_wconf 85' lang='lat' dir='ltr'>Deest</span> <span class='ocrx_word' id='word_1_138' title='bbox 1117 1917 1226 1961; x_wconf 87' lang='lat' dir='ltr'>versus</span> <span class='ocrx_word' id='word_1_139' title='bbox 1251 1903 1282 1960; x_wconf 89' lang='lat' dir='ltr'>in</span> <span class='ocrx_word' id='word_1_140' title='bbox 1300 1918 1343 1960; x_wconf 86' lang='lat' dir='ltr'>co·</span> 
     </span>
     <span class='ocr_line' id='line_1_17' title="bbox 109 2001 1343 2084; baseline 0 -21"><span class='ocrx_word' id='word_1_141' title='bbox 109 2002 224 2063; x_wconf 91' lang='lat' dir='ltr'>dicibus</span> <span class='ocrx_word' id='word_1_142' title='bbox 248 2004 338 2064; x_wconf 85' lang='lat' dir='ltr'>Basil.</span> <span class='ocrx_word' id='word_1_143' title='bbox 357 2004 447 2064; x_wconf 87' lang='lat' dir='ltr'>Voss.</span> <span class='ocrx_word' id='word_1_144' title='bbox 467 2003 506 2064; x_wconf 88' lang='lat'>11.</span> <span class='ocrx_word' id='word_1_145' title='bbox 529 2002 651 2067; x_wconf 88' lang='lat' dir='ltr'>Vratlsl.</span> <span class='ocrx_word' id='word_1_146' title='bbox 669 2002 708 2064; x_wconf 91' lang='lat'>11.</span> <span class='ocrx_word' id='word_1_147' title='bbox 727 2005 754 2065; x_wconf 92' lang='lat' dir='ltr'>in</span> <span class='ocrx_word' id='word_1_148' title='bbox 771 2001 901 2065; x_wconf 84' lang='lat' dir='ltr'>Romana</span> <span class='ocrx_word' id='word_1_149' title='bbox 924 2007 1052 2084; x_wconf 85' lang='lat' dir='ltr'>utraque,</span> <span class='ocrx_word' id='word_1_150' title='bbox 1075 2007 1106 2065; x_wconf 88' lang='lat' dir='ltr'>et</span> <span class='ocrx_word' id='word_1_151' title='bbox 1127 2003 1157 2064; x_wconf 91' lang='lat' dir='ltr'>in</span> <span class='ocrx_word' id='word_1_152' title='bbox 1181 2004 1258 2064; x_wconf 89' lang='lat' dir='ltr'>omni</span> <span class='ocrx_word' id='word_1_153' title='bbox 1280 2003 1343 2065; x_wconf 85' lang='lat' dir='ltr'>libro</span> 
     </span>
     <span class='ocr_line' id='line_1_18' title="bbox 109 2105 1344 2189; baseline 0 -22"><span class='ocrx_word' id='word_1_154' title='bbox 109 2105 189 2169; x_wconf 91' lang='lat' dir='ltr'>edito</span> <span class='ocrx_word' id='word_1_155' title='bbox 212 2107 425 2188; x_wconf 82' lang='lat' dir='ltr'>antiquissimo,</span> <span class='ocrx_word' id='word_1_156' title='bbox 453 2111 570 2187; x_wconf 88' lang='lat' dir='ltr'>praeter</span> <span class='ocrx_word' id='word_1_157' title='bbox 592 2126 672 2169; x_wconf 90' lang='lat' dir='ltr'>unam</span> <span class='ocrx_word' id='word_1_158' title='bbox 696 2107 777 2186; x_wconf 92' lang='lat' dir='ltr'>apud</span> <span class='ocrx_word' id='word_1_159' title='bbox 792 2125 837 2169; x_wconf 90' lang='lat' dir='ltr'>me</span> <span class='ocrx_word' id='word_1_160' title='bbox 859 2106 1068 2184; x_wconf 82' lang='lat' dir='ltr'>Mutinensem,</span> <span class='ocrx_word' id='word_1_161' title='bbox 1097 2107 1126 2168; x_wconf 92' lang='lat' dir='ltr'>in</span> <span class='ocrx_word' id='word_1_162' title='bbox 1150 2125 1206 2189; x_wconf 80' lang='lat' dir='ltr'>qua</span> <span class='ocrx_word' id='word_1_163' title='bbox 1230 2106 1279 2185; x_wconf 91' lang='lat' dir='ltr'>ille</span> <span class='ocrx_word' id='word_1_164' title='bbox 1298 2106 1344 2167; x_wconf 86' lang='lat' dir='ltr'>boc</span> 
     </span>
     <span class='ocr_line' id='line_1_19' title="bbox 109 2209 1342 2290; baseline -0.001 -20"><span class='ocrx_word' id='word_1_165' title='bbox 109 2228 163 2270; x_wconf 84' lang='lat' dir='ltr'>suo</span> <span class='ocrx_word' id='word_1_166' title='bbox 186 2209 251 2271; x_wconf 89' lang='lat' dir='ltr'>loco</span> <span class='ocrx_word' id='word_1_167' title='bbox 275 2209 393 2288; x_wconf 79' lang='lat' dir='ltr'>legitur.</span> <span class='ocrx_word' id='word_1_168' title='bbox 427 2210 539 2275; x_wconf 85' lang='lat' dir='ltr'>Deinde</span> <span class='ocrx_word' id='word_1_169' title='bbox 559 2228 621 2271; x_wconf 89' lang='lat' dir='ltr'>eum</span> <span class='ocrx_word' id='word_1_170' title='bbox 643 2230 683 2272; x_wconf 89' lang='lat' dir='ltr'>ex</span> <span class='ocrx_word' id='word_1_171' title='bbox 704 2229 757 2272; x_wconf 90' lang='lat' dir='ltr'>suo</span> <span class='ocrx_word' id='word_1_172' title='bbox 779 2210 854 2271; x_wconf 89' lang='lat' dir='ltr'>libro</span> <span class='ocrx_word' id='word_1_173' title='bbox 872 2209 982 2290; x_wconf 89' lang='lat' dir='ltr'>scripto</span> <span class='ocrx_word' id='word_1_174' title='bbox 1000 2210 1127 2272; x_wconf 90' lang='lat' dir='ltr'>restituit</span> <span class='ocrx_word' id='word_1_175' title='bbox 1143 2210 1273 2272; x_wconf 85' lang='lat' dir='ltr'>Bombos</span> <span class='ocrx_word' id='word_1_176' title='bbox 1288 2209 1342 2271; x_wconf 81' lang='lat' dir='ltr'>lib.</span> 
     </span>
     <span class='ocr_line' id='line_1_20' title="bbox 109 2306 1343 2392; baseline 0 -19"><span class='ocrx_word' id='word_1_177' title='bbox 109 2313 146 2374; x_wconf 89' lang='lat' dir='ltr'>de</span> <span class='ocrx_word' id='word_1_178' title='bbox 169 2310 287 2375; x_wconf 80' lang='lat' dir='ltr'>Colice:</span> <span class='ocrx_word' id='word_1_179' title='bbox 311 2317 341 2377; x_wconf 91' lang='lat' dir='ltr'>et</span> <span class='ocrx_word' id='word_1_180' title='bbox 363 2333 402 2375; x_wconf 84' lang='lat' dir='ltr'>ex</span> <span class='ocrx_word' id='word_1_181' title='bbox 424 2306 523 2376; x_wconf 79' lang='lat' dir='ltr'>Benlbi</span> <span class='ocrx_word' id='word_1_182' title='bbox 545 2314 618 2376; x_wconf 89' lang='lat' dir='ltr'>libro</span> <span class='ocrx_word' id='word_1_183' title='bbox 640 2313 715 2376; x_wconf 89' lang='lat' dir='ltr'>baud</span> <span class='ocrx_word' id='word_1_184' title='bbox 739 2315 825 2375; x_wconf 89' lang='lat' dir='ltr'>dubie</span> <span class='ocrx_word' id='word_1_185' title='bbox 848 2315 978 2375; x_wconf 91' lang='lat' dir='ltr'>venitin</span> <span class='ocrx_word' id='word_1_186' title='bbox 1000 2313 1144 2392; x_wconf 77' lang='lat' dir='ltr'>Aldinas3</span> <span class='ocrx_word' id='word_1_187' title='bbox 1174 2330 1216 2374; x_wconf 85' lang='lat' dir='ltr'>ex</span> <span class='ocrx_word' id='word_1_188' title='bbox 1239 2312 1343 2375; x_wconf 82' lang='lat' dir='ltr'>Aldlnls</span> 
     </span>
     <span class='ocr_line' id='line_1_21' title="bbox 108 2414 1342 2501; baseline -0.002 -24"><span class='ocrx_word' id='word_1_189' title='bbox 108 2417 137 2478; x_wconf 92' lang='lat' dir='ltr'>in</span> <span class='ocrx_word' id='word_1_190' title='bbox 163 2416 361 2490; x_wconf 78' lang='lat' dir='ltr'>recentiores,</span> <span class='ocrx_word' id='word_1_191' title='bbox 386 2417 488 2501; x_wconf 82' lang='lat' dir='ltr'>lmgd.</span> <span class='ocrx_word' id='word_1_192' title='bbox 515 2424 605 2480; x_wconf 79' lang='grc'><strong>1529.</strong></span> <span class='ocrx_word' id='word_1_193' title='bbox 644 2417 736 2479; x_wconf 88' lang='lat' dir='ltr'>Basil.</span> <span class='ocrx_word' id='word_1_194' title='bbox 760 2416 843 2496; x_wconf 84' lang='lat' dir='ltr'>Bryl.</span> <span class='ocrx_word' id='word_1_195' title='bbox 875 2420 968 2478; x_wconf 84' lang='grc'><strong>1513.</strong></span> <span class='ocrx_word' id='word_1_196' title='bbox 998 2417 1130 2479; x_wconf 83' lang='lat' dir='ltr'>Venetas</span> <span class='ocrx_word' id='word_1_197' title='bbox 1156 2414 1234 2477; x_wconf 87' lang='lat' dir='ltr'>lunt.</span> <span class='ocrx_word' id='word_1_198' title='bbox 1261 2419 1342 2478; x_wconf 75' lang='grc'><strong>1511.</strong></span> 
     </span>
     <span class='ocr_line' id='line_1_22' title="bbox 108 2519 1343 2599; baseline -0.003 -17"><span class='ocrx_word' id='word_1_199' title='bbox 108 2519 192 2582; x_wconf 85' lang='lat' dir='ltr'>Soet.</span> <span class='ocrx_word' id='word_1_200' title='bbox 218 2524 309 2581; x_wconf 89' lang='grc'><strong>1555.</strong></span> <span class='ocrx_word' id='word_1_201' title='bbox 341 2519 454 2582; x_wconf 91' lang='lat' dir='ltr'>Bonell.</span> <span class='ocrx_word' id='word_1_202' title='bbox 479 2527 572 2584; x_wconf 80' lang='grc'><strong>1558.</strong></span> <span class='ocrx_word' id='word_1_203' title='bbox 603 2519 698 2599; x_wconf 77' lang='lat' dir='ltr'>bugd.</span> <span class='ocrx_word' id='word_1_204' title='bbox 720 2524 750 2582; x_wconf 82' lang='lat' dir='ltr'>et</span> <span class='ocrx_word' id='word_1_205' title='bbox 773 2521 866 2584; x_wconf 82' lang='lat' dir='ltr'>Antv.</span> <span class='ocrx_word' id='word_1_206' title='bbox 893 2526 985 2581; x_wconf 88' lang='grc'><strong>1556.</strong></span> <span class='ocrx_word' id='word_1_207' title='bbox 1019 2519 1111 2581; x_wconf 86' lang='lat' dir='ltr'>Basil.</span> <span class='ocrx_word' id='word_1_208' title='bbox 1135 2519 1174 2580; x_wconf 88' lang='lat' dir='ltr'>H.</span> <span class='ocrx_word' id='word_1_209' title='bbox 1196 2520 1235 2581; x_wconf 82' lang='lat' dir='ltr'>P.</span> <span class='ocrx_word' id='word_1_210' title='bbox 1261 2522 1343 2582; x_wconf 91' lang='grc'><strong>1561.</strong></span> 
     </span>
     <span class='ocr_line' id='line_1_23' title="bbox 108 2623 1343 2709; baseline -0.003 -23"><span class='ocrx_word' id='word_1_211' title='bbox 108 2623 335 2702; x_wconf 85' lang='lat' dir='ltr'>Scaligeranas,</span> <span class='ocrx_word' id='word_1_212' title='bbox 359 2624 495 2707; x_wconf 89' lang='lat' dir='ltr'>reliquas.</span> <span class='ocrx_word' id='word_1_213' title='bbox 530 2627 568 2688; x_wconf 79' lang='lat' dir='ltr'>nt</span> <span class='ocrx_word' id='word_1_214' title='bbox 586 2625 766 2687; x_wconf 87' lang='lat' dir='ltr'>Florentioae</span> <span class='ocrx_word' id='word_1_215' title='bbox 781 2623 855 2686; x_wconf 81' lang='lat' dir='ltr'>lunt.</span> <span class='ocrx_word' id='word_1_216' title='bbox 879 2624 1076 2709; x_wconf 82' lang='lat' dir='ltr'>adscripscrat</span> <span class='ocrx_word' id='word_1_217' title='bbox 1088 2643 1176 2708; x_wconf 16' lang='lat' dir='ltr'>neum,</span> <span class='ocrx_word' id='word_1_218' title='bbox 1193 2624 1343 2687; x_wconf 86' lang='grc' dir='ltr'>Βιιιιιιιιιι</span> 
     </span>
     <span class='ocr_line' id='line_1_24' title="bbox 108 2725 1344 2808; baseline -0.002 -21"><span class='ocrx_word' id='word_1_219' title='bbox 108 2729 252 2806; x_wconf 85' lang='lat' dir='ltr'>testante,</span> <span class='ocrx_word' id='word_1_220' title='bbox 283 2746 382 2805; x_wconf 83' lang='lat' dir='ltr'>manus</span> <span class='ocrx_word' id='word_1_221' title='bbox 411 2728 516 2790; x_wconf 87' lang='lat' dir='ltr'>Pierii:</span> <span class='ocrx_word' id='word_1_222' title='bbox 550 2727 649 2789; x_wconf 78' lang='lat' dir='ltr'>stilla</span> <span class='ocrx_word' id='word_1_223' title='bbox 677 2728 730 2788; x_wconf 89' lang='lat' dir='ltr'>luit</span> <span class='ocrx_word' id='word_1_224' title='bbox 749 2727 841 2789; x_wconf 87' lang='lat' dir='ltr'>Pierii</span> <span class='ocrx_word' id='word_1_225' title='bbox 870 2745 986 2803; x_wconf 80' lang='lat' dir='ltr'>manus,</span> <span class='ocrx_word' id='word_1_226' title='bbox 1017 2727 1052 2788; x_wconf 89' lang='lat' dir='ltr'>de</span> <span class='ocrx_word' id='word_1_227' title='bbox 1081 2744 1136 2808; x_wconf 87' lang='lat' dir='ltr'>quo</span> <span class='ocrx_word' id='word_1_228' title='bbox 1168 2725 1344 2789; x_wconf 86' lang='lat' dir='ltr'>vehementer</span> 
     </span>
     <span class='ocr_line' id='line_1_25' title="bbox 109 2827 1343 2915; baseline -0.001 -25"><span class='ocrx_word' id='word_1_229' title='bbox 109 2830 220 2890; x_wconf 91' lang='lat' dir='ltr'>dublto.</span> <span class='ocrx_word' id='word_1_230' title='bbox 310 2830 416 2891; x_wconf 89' lang='lat' dir='ltr'>Verum</span> <span class='ocrx_word' id='word_1_231' title='bbox 438 2850 474 2892; x_wconf 94' lang='lat' dir='ltr'>ne</span> <span class='ocrx_word' id='word_1_232' title='bbox 497 2833 561 2913; x_wconf 84' lang='lat' dir='ltr'>quis</span> <span class='ocrx_word' id='word_1_233' title='bbox 584 2830 658 2915; x_wconf 85' lang='lat' dir='ltr'>banc</span> <span class='ocrx_word' id='word_1_234' title='bbox 678 2830 852 2909; x_wconf 80' lang='lat' dir='ltr'>singularem</span> <span class='ocrx_word' id='word_1_235' title='bbox 879 2832 1077 2912; x_wconf 82' lang='lat' dir='ltr'>propriamque</span> <span class='ocrx_word' id='word_1_236' title='bbox 1100 2831 1241 2893; x_wconf 87' lang='lat' dir='ltr'>Bemblno</span> <span class='ocrx_word' id='word_1_237' title='bbox 1264 2827 1343 2893; x_wconf 83' lang='lat' dir='ltr'>codici</span> 
     </span>
     <span class='ocr_line' id='line_1_26' title="bbox 109 2916 1365 3015; baseline -0.002 -22"><span class='ocrx_word' id='word_1_238' title='bbox 109 2932 220 2994; x_wconf 85' lang='lat' dir='ltr'>laudem</span> <span class='ocrx_word' id='word_1_239' title='bbox 242 2916 404 3009; x_wconf 82' lang='lat' dir='ltr'>existimet,</span> <span class='ocrx_word' id='word_1_240' title='bbox 433 2933 507 3015; x_wconf 89' lang='lat' dir='ltr'>quod</span> <span class='ocrx_word' id='word_1_241' title='bbox 535 2936 754 2996; x_wconf 81' lang='lat' dir='ltr'>conservaverit</span> <span class='ocrx_word' id='word_1_242' title='bbox 782 2935 837 2994; x_wconf 87' lang='lat' dir='ltr'>tam</span> <span class='ocrx_word' id='word_1_243' title='bbox 865 2933 969 2995; x_wconf 91' lang='lat' dir='ltr'>bonum</span> <span class='ocrx_word' id='word_1_244' title='bbox 997 2952 1130 3011; x_wconf 86' lang='lat' dir='ltr'>versum,</span> <span class='ocrx_word' id='word_1_245' title='bbox 1162 2952 1223 3011; x_wconf 80' lang='lat' dir='ltr'>ego</span> <span class='ocrx_word' id='word_1_246' title='bbox 1252 2932 1365 3013; x_wconf 42' lang='lat' dir='ltr'>nullum,</span> 
     </span>
     <span class='ocr_line' id='line_1_27' title="bbox 109 3033 1344 3119; baseline 0 -24"><span class='ocrx_word' id='word_1_247' title='bbox 109 3034 210 3097; x_wconf 88' lang='lat' dir='ltr'>librum</span> <span class='ocrx_word' id='word_1_248' title='bbox 231 3033 368 3115; x_wconf 74' lang='lat' dir='ltr'>&#39;scriptum</span> <span class='ocrx_word' id='word_1_249' title='bbox 391 3037 532 3116; x_wconf 87' lang='lat' dir='ltr'>antiquum</span> <span class='ocrx_word' id='word_1_250' title='bbox 556 3041 674 3099; x_wconf 86' lang='lat' dir='ltr'>exstare</span> <span class='ocrx_word' id='word_1_251' title='bbox 695 3043 783 3117; x_wconf 88' lang='lat' dir='ltr'>puto,</span> <span class='ocrx_word' id='word_1_252' title='bbox 813 3040 841 3099; x_wconf 92' lang='lat' dir='ltr'>in</span> <span class='ocrx_word' id='word_1_253' title='bbox 865 3058 920 3119; x_wconf 91' lang='lat' dir='ltr'>quo</span> <span class='ocrx_word' id='word_1_254' title='bbox 944 3037 995 3100; x_wconf 89' lang='lat' dir='ltr'>ille</span> <span class='ocrx_word' id='word_1_255' title='bbox 1022 3040 1108 3100; x_wconf 89' lang='lat' dir='ltr'>desit.</span> <span class='ocrx_word' id='word_1_256' title='bbox 1153 3038 1211 3101; x_wconf 80' lang='lat' dir='ltr'>list</span> <span class='ocrx_word' id='word_1_257' title='bbox 1232 3036 1344 3100; x_wconf 90' lang='lat' dir='ltr'>enimin</span> 
     </span>
     <span class='ocr_line' id='line_1_28' title="bbox 108 3138 1343 3219; baseline 0.001 -18"><span class='ocrx_word' id='word_1_258' title='bbox 108 3138 267 3214; x_wconf 75' lang='lat' dir='ltr'>Theonoe,</span> <span class='ocrx_word' id='word_1_259' title='bbox 289 3140 431 3201; x_wconf 86' lang='lat' dir='ltr'>Parisinis</span> <span class='ocrx_word' id='word_1_260' title='bbox 453 3139 492 3201; x_wconf 90' lang='lat' dir='ltr'>ll.</span> <span class='ocrx_word' id='word_1_261' title='bbox 515 3140 569 3203; x_wconf 92' lang='lat' dir='ltr'>lll.</span> <span class='ocrx_word' id='word_1_262' title='bbox 592 3140 646 3202; x_wconf 88' lang='lat' dir='ltr'>lv.</span> <span class='ocrx_word' id='word_1_263' title='bbox 693 3140 876 3219; x_wconf 78' lang='lat' dir='ltr'>Anglieano,</span> <span class='ocrx_word' id='word_1_264' title='bbox 905 3142 1100 3219; x_wconf 75' lang='lat' dir='ltr'>Augustam,</span> <span class='ocrx_word' id='word_1_265' title='bbox 1124 3141 1245 3204; x_wconf 88' lang='lat' dir='ltr'>lllooac.</span> <span class='ocrx_word' id='word_1_266' title='bbox 1269 3143 1292 3205; x_wconf 92' lang='grc'>1.</span> <span class='ocrx_word' id='word_1_267' title='bbox 1311 3139 1343 3202; x_wconf 88' lang='grc'>11.</span> 
     </span>
     <span class='ocr_line' id='line_1_29' title="bbox 110 3241 1343 3322; baseline 0 -18"><span class='ocrx_word' id='word_1_268' title='bbox 110 3242 234 3304; x_wconf 81' lang='lat' dir='ltr'>Vratlsl.·</span> <span class='ocrx_word' id='word_1_269' title='bbox 256 3241 281 3302; x_wconf 89' lang='lat'>1.</span> <span class='ocrx_word' id='word_1_270' title='bbox 305 3247 335 3303; x_wconf 88' lang='lat' dir='ltr'>et</span> <span class='ocrx_word' id='word_1_271' title='bbox 355 3245 408 3321; x_wconf 86' lang='lat' dir='ltr'>luit</span> <span class='ocrx_word' id='word_1_272' title='bbox 429 3242 504 3304; x_wconf 89' lang='lat' dir='ltr'>baud</span> <span class='ocrx_word' id='word_1_273' title='bbox 527 3244 612 3304; x_wconf 90' lang='lat' dir='ltr'>dubie</span> <span class='ocrx_word' id='word_1_274' title='bbox 634 3245 662 3305; x_wconf 92' lang='lat' dir='ltr'>in</span> <span class='ocrx_word' id='word_1_275' title='bbox 685 3243 845 3306; x_wconf 83' lang='lat' dir='ltr'>Peteviano</span> <span class='ocrx_word' id='word_1_276' title='bbox 869 3248 898 3306; x_wconf 89' lang='lat' dir='ltr'>et</span> <span class='ocrx_word' id='word_1_277' title='bbox 919 3246 1072 3322; x_wconf 75' lang='lat' dir='ltr'>Medium,</span> <span class='ocrx_word' id='word_1_278' title='bbox 1104 3248 1135 3306; x_wconf 82' lang='lat' dir='ltr'>et</span> <span class='ocrx_word' id='word_1_279' title='bbox 1156 3246 1184 3306; x_wconf 90' lang='lat' dir='ltr'>in</span> <span class='ocrx_word' id='word_1_280' title='bbox 1208 3245 1343 3307; x_wconf 82' lang='lat' dir='ltr'>vossiano</span> 
     </span>
     <span class='ocr_line' id='line_1_30' title="bbox 110 3345 1343 3429; baseline 0.001 -23"><span class='ocrx_word' id='word_1_281' title='bbox 110 3345 135 3406; x_wconf 90' lang='lat' dir='ltr'>l.</span> <span class='ocrx_word' id='word_1_282' title='bbox 179 3346 275 3429; x_wconf 77' lang='lat' dir='ltr'>Quare</span> <span class='ocrx_word' id='word_1_283' title='bbox 297 3349 353 3409; x_wconf 78' lang='lat' dir='ltr'>etsi</span> <span class='ocrx_word' id='word_1_284' title='bbox 377 3365 432 3408; x_wconf 92' lang='lat' dir='ltr'>non</span> <span class='ocrx_word' id='word_1_285' title='bbox 454 3348 622 3410; x_wconf 85' lang='lat' dir='ltr'>incredibile</span> <span class='ocrx_word' id='word_1_286' title='bbox 644 3352 691 3409; x_wconf 91' lang='lat' dir='ltr'>est</span> <span class='ocrx_word' id='word_1_287' title='bbox 712 3349 843 3410; x_wconf 81' lang='lat' dir='ltr'>doluisse</span> <span class='ocrx_word' id='word_1_288' title='bbox 866 3367 980 3410; x_wconf 87' lang='lat' dir='ltr'>versum</span> <span class='ocrx_word' id='word_1_289' title='bbox 1011 3351 1039 3410; x_wconf 92' lang='lat' dir='ltr'>io</span> <span class='ocrx_word' id='word_1_290' title='bbox 1063 3367 1118 3409; x_wconf 90' lang='lat' dir='ltr'>uno</span> <span class='ocrx_word' id='word_1_291' title='bbox 1141 3368 1197 3427; x_wconf 89' lang='lat' dir='ltr'>eo,</span> <span class='ocrx_word' id='word_1_292' title='bbox 1232 3368 1272 3410; x_wconf 84' lang='lat' dir='ltr'>ex</span> <span class='ocrx_word' id='word_1_293' title='bbox 1297 3364 1343 3429; x_wconf 87' lang='lat' dir='ltr'>qm</span> 
     </span>
     <span class='ocr_line' id='line_1_31' title="bbox 110 3449 1343 3528; baseline 0 -17"><span class='ocrx_word' id='word_1_294' title='bbox 110 3449 206 3511; x_wconf 81' lang='lat' dir='ltr'>editae</span> <span class='ocrx_word' id='word_1_295' title='bbox 228 3452 309 3514; x_wconf 88' lang='lat' dir='ltr'>luere</span> <span class='ocrx_word' id='word_1_296' title='bbox 330 3452 495 3524; x_wconf 85' lang='lat' dir='ltr'>Romanae,</span> <span class='ocrx_word' id='word_1_297' title='bbox 528 3457 698 3513; x_wconf 86' lang='lat' dir='ltr'>tamennon</span> <span class='ocrx_word' id='word_1_298' title='bbox 730 3454 821 3513; x_wconf 89' lang='lat' dir='ltr'>minus</span> <span class='ocrx_word' id='word_1_299' title='bbox 852 3451 1006 3528; x_wconf 90' lang='lat' dir='ltr'>credibile,</span> <span class='ocrx_word' id='word_1_300' title='bbox 1027 3450 1107 3523; x_wconf 54' lang='lat' dir='ltr'>‚nobb</span> <span class='ocrx_word' id='word_1_301' title='bbox 1129 3451 1190 3513; x_wconf 78' lang='lat' dir='ltr'>boc.</span> <span class='ocrx_word' id='word_1_302' title='bbox 1209 3470 1279 3515; x_wconf 86' lang='lat' dir='ltr'>esse</span> <span class='ocrx_word' id='word_1_303' title='bbox 1298 3449 1343 3511; x_wconf 84' lang='lat' dir='ltr'>nisi</span> 
     </span>
     <span class='ocr_line' id='line_1_32' title="bbox 111 3536 1342 3636; baseline 0 -23"><span class='ocrx_word' id='word_1_304' title='bbox 111 3552 265 3632; x_wconf 89' lang='lat' dir='ltr'>editorum,</span> <span class='ocrx_word' id='word_1_305' title='bbox 300 3552 425 3617; x_wconf 75' lang='lat' dir='ltr'>conradi</span> <span class='ocrx_word' id='word_1_306' title='bbox 452 3536 649 3635; x_wconf 81' lang='lat' dir='ltr'>Arnoldique,</span> <span class='ocrx_word' id='word_1_307' title='bbox 683 3558 714 3616; x_wconf 90' lang='lat' dir='ltr'>et</span> <span class='ocrx_word' id='word_1_308' title='bbox 742 3556 881 3635; x_wconf 81' lang='lat' dir='ltr'>Episcopi</span> <span class='ocrx_word' id='word_1_309' title='bbox 911 3554 1094 3632; x_wconf 80' lang='lat' dir='ltr'>Alerieosis,</span> <span class='ocrx_word' id='word_1_310' title='bbox 1129 3555 1252 3634; x_wconf 83' lang='lat' dir='ltr'>vitium,</span> <span class='ocrx_word' id='word_1_311' title='bbox 1281 3549 1342 3636; x_wconf 82' lang='lat' dir='ltr'>quel</span> 
     </span>
     <span class='ocr_line' id='line_1_33' title="bbox 109 3656 1342 3739; baseline 0.002 -22"><span class='ocrx_word' id='word_1_312' title='bbox 109 3657 257 3719; x_wconf 88' lang='lat' dir='ltr'>omiserint</span> <span class='ocrx_word' id='word_1_313' title='bbox 278 3677 404 3718; x_wconf 84' lang='lat' dir='ltr'>versum.</span> <span class='ocrx_word' id='word_1_314' title='bbox 435 3656 580 3720; x_wconf 85' lang='lat' dir='ltr'>Romanas</span> <span class='ocrx_word' id='word_1_315' title='bbox 603 3662 706 3719; x_wconf 87' lang='lat' dir='ltr'>secure</span> <span class='ocrx_word' id='word_1_316' title='bbox 728 3661 842 3739; x_wconf 86' lang='lat' dir='ltr'>sequuti</span> <span class='ocrx_word' id='word_1_317' title='bbox 864 3662 932 3721; x_wconf 88' lang='lat' dir='ltr'>sunt</span> <span class='ocrx_word' id='word_1_318' title='bbox 953 3658 1081 3720; x_wconf 86' lang='lat' dir='ltr'>editores</span> <span class='ocrx_word' id='word_1_319' title='bbox 1098 3659 1225 3737; x_wconf 85' lang='lat' dir='ltr'>proximi</span> <span class='ocrx_word' id='word_1_320' title='bbox 1242 3674 1342 3732; x_wconf 85' lang='lat' dir='ltr'>omnes,</span> 
     </span>
     <span class='ocr_line' id='line_1_34' title="bbox 110 3760 1341 3843; baseline 0.002 -25"><span class='ocrx_word' id='word_1_321' title='bbox 110 3763 323 3838; x_wconf 71' lang='lat' dir='ltr'>praetorem,</span> <span class='ocrx_word' id='word_1_322' title='bbox 358 3762 404 3842; x_wconf 89' lang='lat' dir='ltr'>qui</span> <span class='ocrx_word' id='word_1_323' title='bbox 429 3762 546 3823; x_wconf 90' lang='lat' dir='ltr'>editioni</span> <span class='ocrx_word' id='word_1_324' title='bbox 568 3763 694 3840; x_wconf 81' lang='lat' dir='ltr'>praefuit</span> <span class='ocrx_word' id='word_1_325' title='bbox 717 3760 774 3838; x_wconf 86' lang='lat' dir='ltr'>illi,</span> <span class='ocrx_word' id='word_1_326' title='bbox 805 3781 845 3823; x_wconf 88' lang='lat' dir='ltr'>ex</span> <span class='ocrx_word' id='word_1_327' title='bbox 866 3780 922 3843; x_wconf 90' lang='lat' dir='ltr'>qua</span> <span class='ocrx_word' id='word_1_328' title='bbox 945 3760 1122 3823; x_wconf 84' lang='lat' dir='ltr'>Mutinensis</span> <span class='ocrx_word' id='word_1_329' title='bbox 1144 3761 1239 3824; x_wconf 84' lang='lat' dir='ltr'>duxit.</span> <span class='ocrx_word' id='word_1_330' title='bbox 1281 3760 1341 3823; x_wconf 74' lang='lat' dir='ltr'>nau</span> 
     </span>
     <span class='ocr_line' id='line_1_35' title="bbox 110 3863 1341 3946; baseline 0 -20"><span class='ocrx_word' id='word_1_331' title='bbox 110 3863 302 3926; x_wconf 73' lang='lat' dir='ltr'>dimicensem</span> <span class='ocrx_word' id='word_1_332' title='bbox 323 3883 362 3925; x_wconf 84' lang='lat' dir='ltr'>ex</span> <span class='ocrx_word' id='word_1_333' title='bbox 383 3864 595 3930; x_wconf 83' lang='lat' dir='ltr'>lllediolanensi</span> <span class='ocrx_word' id='word_1_334' title='bbox 621 3868 711 3926; x_wconf 75' lang='grc'><strong>1111.</strong></span> <span class='ocrx_word' id='word_1_335' title='bbox 735 3864 808 3926; x_wconf 88' lang='lat' dir='ltr'>bane</span> <span class='ocrx_word' id='word_1_336' title='bbox 830 3871 924 3927; x_wconf 88' lang='lat' dir='ltr'>autem</span> <span class='ocrx_word' id='word_1_337' title='bbox 947 3864 1064 3927; x_wconf 85' lang='lat' dir='ltr'>exalia</span> <span class='ocrx_word' id='word_1_338' title='bbox 1087 3865 1207 3946; x_wconf 88' lang='lat' dir='ltr'>quadam</span> <span class='ocrx_word' id='word_1_339' title='bbox 1230 3881 1341 3945; x_wconf 82' lang='lat' dir='ltr'>expres·</span> 
     </span>
     <span class='ocr_line' id='line_1_36' title="bbox 110 3964 1340 4047; baseline 0.001 -19"><span class='ocrx_word' id='word_1_340' title='bbox 110 3987 171 4028; x_wconf 91' lang='lat' dir='ltr'>sam</span> <span class='ocrx_word' id='word_1_341' title='bbox 195 3968 303 4044; x_wconf 86' lang='lat' dir='ltr'>videri,</span> <span class='ocrx_word' id='word_1_342' title='bbox 325 3968 475 4029; x_wconf 89' lang='lat' dir='ltr'>docebitur</span> <span class='ocrx_word' id='word_1_343' title='bbox 496 3986 520 4030; x_wconf 86' lang='lat' dir='ltr'>a</span> <span class='ocrx_word' id='word_1_344' title='bbox 536 3985 580 4028; x_wconf 88' lang='lat' dir='ltr'>me</span> <span class='ocrx_word' id='word_1_345' title='bbox 602 3967 632 4028; x_wconf 91' lang='lat' dir='ltr'>in</span> <span class='ocrx_word' id='word_1_346' title='bbox 655 3964 800 4044; x_wconf 80' lang='lat' dir='ltr'>Catalogo</span> <span class='ocrx_word' id='word_1_347' title='bbox 825 3968 978 4047; x_wconf 89' lang='lat' dir='ltr'>librorum,</span> <span class='ocrx_word' id='word_1_348' title='bbox 1001 3968 1083 4030; x_wconf 87' lang='lat' dir='ltr'>Diss.</span> <span class='ocrx_word' id='word_1_349' title='bbox 1098 3967 1154 4031; x_wconf 91' lang='lat' dir='ltr'>lv.</span> <span class='ocrx_word' id='word_1_350' title='bbox 1181 3968 1230 4030; x_wconf 94' lang='lat' dir='ltr'>llli</span> <span class='ocrx_word' id='word_1_351' title='bbox 1247 3971 1340 4040; x_wconf 85' lang='lat' dir='ltr'>auten,</span> 
     </span>
     <span class='ocr_line' id='line_1_37' title="bbox 110 4069 1340 4152; baseline 0.001 -23"><span class='ocrx_word' id='word_1_352' title='bbox 110 4089 184 4152; x_wconf 87' lang='lat' dir='ltr'>quos</span> <span class='ocrx_word' id='word_1_353' title='bbox 206 4072 294 4148; x_wconf 90' lang='lat' dir='ltr'>primo</span> <span class='ocrx_word' id='word_1_354' title='bbox 318 4069 384 4132; x_wconf 91' lang='lat' dir='ltr'>loeo</span> <span class='ocrx_word' id='word_1_355' title='bbox 415 4071 628 4132; x_wconf 88' lang='lat' dir='ltr'>commemoravi</span> <span class='ocrx_word' id='word_1_356' title='bbox 650 4072 783 4151; x_wconf 86' lang='lat' dir='ltr'>codices,</span> <span class='ocrx_word' id='word_1_357' title='bbox 816 4072 907 4133; x_wconf 84' lang='lat' dir='ltr'>Basil.</span> <span class='ocrx_word' id='word_1_358' title='bbox 930 4073 1022 4137; x_wconf 87' lang='lat' dir='ltr'>Voss.</span> <span class='ocrx_word' id='word_1_359' title='bbox 1045 4073 1084 4135; x_wconf 92' lang='lat' dir='ltr'>ll.</span> <span class='ocrx_word' id='word_1_360' title='bbox 1107 4072 1233 4135; x_wconf 88' lang='lat' dir='ltr'>Vratlsl.</span> <span class='ocrx_word' id='word_1_361' title='bbox 1254 4072 1292 4135; x_wconf 88' lang='lat' dir='ltr'>ll.</span> <span class='ocrx_word' id='word_1_362' title='bbox 1310 4085 1340 4130; x_wconf 85' lang='lat' dir='ltr'>ex</span> 
     </span>
     <span class='ocr_line' id='line_1_38' title="bbox 111 4169 1386 4263; baseline 0.001 -29"><span class='ocrx_word' id='word_1_363' title='bbox 111 4173 194 4234; x_wconf 86' lang='lat' dir='ltr'>libris</span> <span class='ocrx_word' id='word_1_364' title='bbox 216 4174 319 4252; x_wconf 90' lang='lat' dir='ltr'>editis,</span> <span class='ocrx_word' id='word_1_365' title='bbox 340 4173 495 4251; x_wconf 85' lang='lat' dir='ltr'>Romanis,</span> <span class='ocrx_word' id='word_1_366' title='bbox 519 4174 600 4252; x_wconf 89' lang='lat' dir='ltr'>allis,</span> <span class='ocrx_word' id='word_1_367' title='bbox 623 4177 766 4254; x_wconf 84' lang='lat' dir='ltr'>exscripti</span> <span class='ocrx_word' id='word_1_368' title='bbox 789 4180 866 4237; x_wconf 90' lang='lat' dir='ltr'>sunt.</span> <span class='ocrx_word' id='word_1_369' title='bbox 952 4176 1012 4237; x_wconf 89' lang='lat' dir='ltr'>Pro</span> <span class='ocrx_word' id='word_1_370' title='bbox 1034 4180 1116 4256; x_wconf 79' lang='lat' dir='ltr'>ipris</span> <span class='ocrx_word' id='word_1_371' title='bbox 1140 4177 1169 4237; x_wconf 90' lang='lat' dir='ltr'>io</span> <span class='ocrx_word' id='word_1_372' title='bbox 1192 4169 1338 4239; x_wconf 75' lang='lat' dir='ltr'>Parislll·</span> <span class='ocrx_word' id='word_1_373' title='bbox 1384 4206 1386 4263; x_wconf 39' lang='grc' dir='ltr'><strong>ᾗ</strong></span> 
     </span>
     <span class='ocr_line' id='line_1_39' title="bbox 111 4277 1386 4361; baseline -0.001 -22"><span class='ocrx_word' id='word_1_374' title='bbox 111 4282 161 4340; x_wconf 81' lang='lat' dir='ltr'>nis</span> <span class='ocrx_word' id='word_1_375' title='bbox 184 4277 304 4353; x_wconf 82' lang='lat' dir='ltr'>legitur.</span> <span class='ocrx_word' id='word_1_376' title='bbox 1384 4336 1386 4361; x_wconf 55' lang='grc' dir='ltr'>Ι</span> 
     </span>
    </p>

    <p class='ocr_par' dir='ltr' id='par_1_5' title="bbox 113 4366 1386 4605">
     <span class='ocr_line' id='line_1_40' title="bbox 177 4366 1386 4463; baseline -0.002 -20"><span class='ocrx_word' id='word_1_377' title='bbox 177 4381 355 4443; x_wconf 88' lang='lat' dir='ltr'>Sententiam</span> <span class='ocrx_word' id='word_1_378' title='bbox 377 4382 453 4463; x_wconf 88' lang='lat' dir='ltr'>quod</span> <span class='ocrx_word' id='word_1_379' title='bbox 474 4383 591 4460; x_wconf 86' lang='lat' dir='ltr'>attinet,</span> <span class='ocrx_word' id='word_1_380' title='bbox 613 4384 693 4444; x_wconf 85' lang='lat' dir='ltr'>recte</span> <span class='ocrx_word' id='word_1_381' title='bbox 707 4380 843 4460; x_wconf 79' lang='lat' dir='ltr'>Scaliger</span> <span class='ocrx_word' id='word_1_382' title='bbox 866 4382 992 4444; x_wconf 89' lang='lat' dir='ltr'>eamdem</span> <span class='ocrx_word' id='word_1_383' title='bbox 1010 4400 1078 4444; x_wconf 89' lang='lat' dir='ltr'>esse</span> <span class='ocrx_word' id='word_1_384' title='bbox 1099 4384 1259 4462; x_wconf 84' lang='lat' dir='ltr'>observat,</span> <span class='ocrx_word' id='word_1_385' title='bbox 1279 4394 1386 4463; x_wconf 77' lang='lat' dir='ltr'>quse</span> <span class='ocrx_word' id='word_1_386' title='bbox 1384 4366 1386 4407; x_wconf 62' lang='lat' dir='ltr'>l</span> 
     </span>
     <span class='ocr_line' id='line_1_41' title="bbox 113 4472 1386 4605; baseline -0.002 -54"><span class='ocrx_word' id='word_1_387' title='bbox 113 4503 254 4571; x_wconf 88' lang='lat' dir='ltr'>suprav.</span> <span class='ocrx_word' id='word_1_388' title='bbox 278 4490 329 4547; x_wconf 78' lang='grc'><strong>66.</strong></span> <span class='ocrx_word' id='word_1_389' title='bbox 373 4484 440 4549; x_wconf 88' lang='lat' dir='ltr'>Non</span> <span class='ocrx_word' id='word_1_390' title='bbox 467 4472 590 4549; x_wconf 89' lang='lat' dir='ltr'>alienum</span> <span class='ocrx_word' id='word_1_391' title='bbox 620 4488 667 4549; x_wconf 91' lang='lat' dir='ltr'>est</span> <span class='ocrx_word' id='word_1_392' title='bbox 697 4486 830 4550; x_wconf 87' lang='lat' dir='ltr'>usitatum</span> <span class='ocrx_word' id='word_1_393' title='bbox 855 4487 953 4569; x_wconf 85' lang='lat' dir='ltr'>poetis</span> <span class='ocrx_word' id='word_1_394' title='bbox 982 4485 1080 4550; x_wconf 88' lang='lat' dir='ltr'>latinis</span> <span class='ocrx_word' id='word_1_395' title='bbox 1109 4488 1257 4574; x_wconf 75' lang='lat' dir='ltr'>quiequid</span> <span class='ocrx_word' id='word_1_396' title='bbox 1281 4497 1338 4549; x_wconf 76' lang='grc' dir='ltr'>ιιι·</span> <span class='ocrx_word' id='word_1_397' title='bbox 1383 4512 1386 4605; x_wconf 65' lang='lat' dir='ltr'>p</span> 
     </span>
    </p>
   </div>
   <div class='ocr_carea' id='block_1_4' title="bbox 1383 4612 1386 4743">
    <p class='ocr_par' dir='ltr' id='par_1_6' title="bbox 1383 4612 1386 4789">
     <span class='ocr_line' id='line_1_42' title="bbox 1383 4612 1386 4743; baseline 0 46"><span class='ocrx_word' id='word_1_398' title='bbox 1383 4612 1386 4743; x_wconf 82' lang='lat' dir='ltr'>l</span> 
     </span>
    </p>
   </div>
   <div class='ocr_carea' id='block_1_5' title="bbox 0 0 1479 4986">
    <p class='ocr_par' dir='ltr' id='par_1_7' title="bbox 0 0 1479 4986">
     <span class='ocr_line' id='line_1_43' title="bbox 0 0 1479 4986; baseline 0 0"><span class='ocrx_word' id='word_1_399' title='bbox 0 0 1479 4986; x_wconf 95' lang='lat' dir='ltr'> </span> 
     </span>
    </p>
   </div>
  </div>
 </body>
</html>
