2948 4986
291 215 292 220 a
385 175 428 244 m
450 181 616 247 vauuuu
639 182 822 247 canorus
843 160 1036 248 narratusi
1255 186 1313 267 ot
1341 276 1354 287 „

59 357 303 417 mutomeutorom
325 353 466 431 volucrit,
496 374 531 417 an
553 352 692 418 Catonem
721 358 761 417 ita
790 358 883 418 inisse
905 355 1166 435 superstitionibus
1184 348 1344 429 dulit&

57 458 241 537 potabimus,
272 462 305 519 ui
327 477 379 537 pro
403 461 481 520 veris
505 461 722 521 incantamentis
743 458 844 520 Laberi
876 459 928 521 has
951 460 1056 538 Diras,
1088 458 1270 567 uimque-h
1254 458 1312 523 ab
1372 530 1375 537 ,

59 563 159 623 inesse.
182 564 321 636 magicam
344 557 493 624 voluerit?

125 664 468 750 Quaeritiioximrnius,
497 665 759 747 quisiutlilelli,
789 668 945 747 inquibus
975 667 1011 727 du
1040 666 1125 728 silvis
1147 685 1182 728 sc
1203 664 1315 747 egicae

59 767 139 830 dioat
161 766 254 845 Cato,
285 773 315 829 ct
338 786 451 831 carmen
474 768 610 840 catonis,
638 771 793 845 Dianam,
824 771 929 849 respici
953 775 1049 849 pulat,
1080 770 1234 852 eademque
1262 773 1309 830 cst

60 865 159 951 opinio
183 872 386 932 Wcrusdoriri.
423 871 633 944 Boxirprnins:
657 893 721 934 cam
742 876 818 934 euim
841 875 966 946 Diona,
988 874 1093 954 iuquit,
1116 879 1308 936 venationum

58 994 193 1057 praeses
217 979 278 1052 ait,
299 977 439 1059 profecto
463 975 547 1039 illum
569 976 827 1038 celebronilCuio
844 996 879 1038 eo
896 982 1062 1060 praecipue
1077 982 1207 1051 numine,
1227 976 1307 1059 pnod

59 1082 90 1138 ia
112 1076 219 1159 eylcia
242 1082 311 1142 sarie
334 1091 427 1165 atque
448 1084 557 1142 viretis
578 1081 707 1160 fauente
728 1083 837 1142 Diona
865 1084 1019 1142 venationi
1047 1079 1176 1142 subinde
1202 1079 1307 1141 indul·

59 1193 152 1261 peret.
199 1183 266 1260 Ligu
290 1201 361 1244 vero
384 1184 551 1249 iurauerim,
580 1181 737 1258 Catonem,
767 1184 793 1243 si
818 1188 939 1244 venator
966 1185 1086 1258 inisset,
1115 1183 1199 1244 etiam
1221 1180 1306 1260 iupn-‘

61 1284 141 1345 riirus
166 1286 337 1368 capreisque.
360 1287 427 1348 vale
449 1287 586 1347 dicturum
610 1288 700 1347 inisse
721 1285 778 1348 imo
798 1286 927 1347 [liranum
949 1285 1066 1353 libello:
1086 1291 1185 1348 ,antas
1209 1291 1256 1346 est
1276 1285 1305 1344 iu

61 1386 114 1448 iuno
135 1395 226 1467 poeta
249 1408 360 1451 suarum
384 1409 474 1452 rerum
496 1392 616 1450 omnium
638 1408 716 1451 amor
738 1396 768 1451 et
789 1394 874 1470 grata
891 1390 1064 1450 recordatio.
1096 1389 1207 1450 iiciudc
1223 1406 1306 1469 quom

62 1493 266 1572 oilvomrdieit
288 1482 345 1553 imo
372 1493 452 1569 ioco,
482 1512 537 1555 uon
566 1493 722 1571 inteiligit,
754 1494 884 1576 quiciJoid
913 1495 941 1554 iu
968 1511 1042 1569 agro
1072 1492 1208 1553 siluarum
1235 1491 1305 1566 init,

63 1595 110 1681 soti
133 1598 243 1656 certum
265 1596 405 1677 quoddam
428 1600 541 1673 nemus,
565 1597 693 1676 inprimis
711 1616 873 1668 aurocuum,
897 1600 1024 1658 tortasse
1040 1614 1096 1658 uon
1114 1613 1220 1672 magno
1237 1578 1305 1655 iliud

64 1697 190 1759 circuitu.
235 1698 331 1777 Prope
352 1699 453 1773 adest,
477 1700 551 1781 quod
574 1701 732 1781 quaerebat
754 1701 949 1763 Boximrnius.
994 1699 1085 1783 Quum
1108 1702 1222 1760 constet
1243 1695 1306 1760 Go-
1403 1777 1407 1785 Ι

64 1806 171 1874 ionem,
194 1802 258 1863 dnm
281 1803 441 1864 fortunatus
464 1808 544 1882 erat,
571 1822 668 1865 eccum
690 1805 831 1866 habuisse
852 1805 880 1865 iu
903 1823 956 1866 suo
979 1822 1053 1881 agro
1076 1803 1223 1880 Lydiam,¹
1238 1799 1306 1881 quid

66 1905 122 1965 reri
147 1902 288 1983 similius,
317 1924 400 1986 qnam
428 1906 485 1967 iiiis
513 1908 701 1985 carminibus,
730 1909 834 1990 qnii‘ros
865 1908 987 1988 Lydiam
1014 1907 1191 1983 celebrauit,
1221 1905 1305 1967 otiam

66 2023 209 2082 arvorum,
232 2012 393 2087 pratorum,
416 2008 527 2081 siivas,
551 2029 622 2091 qrras
645 2012 707 2089 ipse.
730 2029 778 2071 res
800 2029 891 2092 acque
912 2029 947 2072 ac
967 2010 1085 2089 Lydiam
1106 2009 1228 2083 amabat,
1251 2008 1304 2070 scd

68 2114 126 2171 anic
147 2112 241 2173 omnia
263 2111 372 2191 oiivao,
396 2132 478 2194 quam
500 2115 527 2174 iu
550 2114 663 2175 deliciis
685 2117 777 2185 tuisse
798 2113 918 2193 Lydiae·
931 2115 1101 2191 monuimus,
1125 2114 1216 2173 inisse
1240 2111 1303 2172 ian-

70 2208 134 2275 ieri
177 2214 280 2297 Itaque
301 2216 399 2278 ttle'ltt
419 2199 487 2278 suut
509 2219 631 2279 carmina
654 2219 681 2278 in
704 2216 839 2297 Lydiam,
871 2236 944 2298 qnae
969 2220 1072 2296 postea
1094 2234 1149 2277 uuo
1172 2234 1304 2295 compre-

71 2313 152 2378 icusa
173 2317 319 2380 volumino
341 2321 439 2382 edidit.
476 2321 588 2395 liirelli,
610 2323 751 2382 carmina:
781 2321 876 2400 intpp.
900 2321 1011 2402 Horatii
1036 2319 1101 2382 Sat.
1121 2318 1147 2380 i.
1171 2341 1202 2379 x.
1227 2324 1303 2381 extr.

73 2419 214 2502 Augustus
236 2424 264 2483 iu
288 2423 419 2485 Suetonii
442 2422 511 2484 Vita
533 2424 661 2486 Horatii:
693 2426 825 2486 Pertulit
848 2426 891 2486 ud
912 2445 957 2486 me
978 2426 1150 2506 Dionysius
1172 2422 1304 2484 libellum

73 2533 154 2598 tram,
176 2525 325 2606 etpauiio
347 2532 434 2607 poet:
458 2549 495 2591 ue
515 2533 646 2593 maiores
668 2531 766 2592 lilclli
788 2535 833 2592 lui
854 2535 935 2606 aiot,
965 2549 1052 2614 param
1075 2532 1144 2610 ipae
1165 2547 1210 2588 ee.
1256 2523 1303 2588 ct

73 2628 91 2687 ai
108 2628 219 2709 piacet,
243 2629 398 2708 Saiuagnii
422 2633 542 2711 Proicg.
565 2635 594 2694 iu
616 2633 681 2695 ibin
705 2634 793 2697 Ouid.
817 2652 880 2713 cap.
898 2633 943 2695 ii.
990 2635 1029 2695 nt
1050 2633 1093 2693 sio
1118 2629 1304 2709 accipiendus

73 2731 183 2795 tuctus
207 2735 306 2796 Amor.
322 2735 359 2796 ii.
381 2758 464 2814 xum,
488 2744 538 2798 33.
586 2739 653 2800 Nec
675 2742 738 2800 aiei
759 2750 791 2802 tar
815 2740 930 2801 nostris
945 2737 1106 2799 cantabitur
1128 2735 1194 2798 ulla
1216 2731 1304 2795 libel-

71 2832 106 2897 iis.
138 2856 194 2900 non
217 2841 249 2900 ut
272 2839 375 2901 multos
398 2840 541 2904 Corinnae
565 2841 656 2903 iibros
680 2845 840 2921 promittat,
863 2842 915 2903 sod
939 2843 1062 2903 carmina
1084 2840 1154 2903 dicit
1174 2836 1302 2915 singula.

121 2953 215 3005 cautu
237 2943 353 3008 libellis
375 2944 457 3008 iiiour
480 2943 518 3005 ii.
563 2956 688 3008 conluto
711 2947 786 3011 Ven.
810 2945 918 3007 Acirat.
962 2987 965 2991 -

176 3150 216 3214 V·
241 3152 292 3210 2³.
328 3163 465 3220 numum
483 3165 687 3232 sorvorum,
706 3164 887 3220 nonnosus
905 3164 1027 3220 nausa
1044 3162 1198 3218 vruums.

67 3245 177 3313 Oltimu
207 3252 301 3315 Paris.
329 3253 369 3315 ii.
425 3258 553 3318 eireotie
582 3254 696 3318 Thoan.
724 3257 819 3318 Paris.
846 3255 886 3317 ii.
936 3255 1102 3332 Angustam
1133 3251 1250 3313 Monac.
1276 3249 1301 3311 I.

67 3348 175 3419 iratisi.
201 3355 224 3417 i.
249 3347 339 3418 Basii.
363 3360 446 3422 iiom.
470 3359 508 3420 il.
531 3361 609 3424 Veu.
632 3359 742 3422 Achai.
772 3364 802 3422 et
824 3362 868 3420 sic
889 3378 906 3420 a
928 3377 1009 3420 uranu
1032 3375 1093 3418 sec.
1117 3354 1240 3421 Vratisi.
1262 3353 1302 3415 ΙΙ.

64 3449 85 3516 iu
110 3476 166 3539 quo
197 3464 265 3519 ante
293 3466 422 3524 virentis
444 3464 508 3525 init.
574 3462 752 3528 Vocabulum
781 3465 936 3544 formosae
965 3465 1126 3542 trequentat
1149 3455 1240 3534 (lato,
1271 3461 1303 3520 nt

64 3575 120 3622 mox
143 3583 174 3625 v.
200 3569 253 3626 32.
275 3564 338 3625 Eoi.
364 3570 393 3626 1.
416 3568 553 3648 quisunt
574 3567 629 3630 ioci
651 3566 717 3627 huic
739 3571 839 3629 nostru
862 3565 1010 3642 simillimi,
1032 3581 1068 3624 ac
1082 3564 1162 3641 digni
1176 3563 1303 3623 terassa

63 3663 271 3728 observatione.
314 3668 381 3729 Non
410 3671 517 3753 uirique
545 3673 616 3732 enim
645 3670 719 3732 haec
748 3672 872 3732 inueniri
901 3673 987 3749 puto,
1015 3671 1154 3750 formosa
1182 3670 1301 3742 vireta,

62 3767 208 3842 inmotae
229 3771 368 3850 amirae,
396 3775 536 3855 formoso
558 3775 659 3852 oilnu,
692 3776 832 3856 formosa
852 3784 958 3857 proto.
1003 3772 1043 3834 tit
1063 3769 1196 3850 exemplo
1220 3772 1301 3842 utar,

63 3869 157 3936 iamne
179 3875 319 3954 fumosa
340 3876 414 3956 apud
438 3877 617 3957 Propertium
635 3878 657 3940 i.
677 3902 714 3954 11,
738 3885 766 3940 9.
790 3897 846 3939 uon
869 3881 924 3939 tam
947 3875 1041 3936 similo
1062 3878 1124 3949 cst,
1148 3893 1229 3955 quam
1252 3874 1303 3935 ri-

10 4004 12 4053 ;
64 3970 134 4038 inm
156 3996 237 4039 esse.
274 3978 309 4040 Si
332 3981 443 4059 quidem
466 3967 508 4041 ibi
529 3983 669 4062 fumosa
690 3981 796 4044 dumus
819 3987 882 4061 est,
906 3986 937 4043 ut
959 3981 1107 4059 suspicor,
1130 3978 1215 4039 dives
1237 3979 1301 4039 ior·
1338 4030 1342 4035 .

10 4094 14 4153 i
64 4091 168 4154 uarum,
194 4083 332 4145 dadolo
354 4082 469 4145 Lucret.
493 4084 517 4146 i.
543 4086 571 4145 i.
596 4103 677 4166 qnam
699 4083 791 4146 iocum
813 4085 965 4147 obversari
982 4084 1136 4164 Propertio
1158 4083 1211 4143 iam
1223 4076 1300 4143 Wa-

10 4198 13 4273 3
64 4175 203 4246 ieiicidius
226 4187 338 4248 statuit.
364 4186 471 4248 Verum
494 4186 621 4249 iiieaiia
644 4188 680 4249 de
702 4206 823 4250 caussa:
847 4188 932 4250 nobis
954 4187 1056 4248 similia
1077 4187 1212 4250 videntur
1234 4186 1300 4264 epi-

10 4314 12 4371 3
65 4278 133 4346 tincta
153 4288 311 4364 Medeia,
332 4291 480 4372 formosa.
520 4290 654 4352 Eandem
675 4294 705 4353 in
728 4294 898 4354 senientiam
920 4295 1095 4371 interpretor
1118 4289 1299 4368 Propertium

10 4424 13 4453 ε
66 4380 84 4444 l.
99 4410 143 4463 ur,
163 4395 192 4452 i.
217 4412 424 4479 quoecumque
447 4393 518 4455 tulit
540 4395 655 4455 inmuosi
677 4400 821 4478 temporie
844 4406 945 4461 actuo.
968 4400 1050 4458 acus
1073 4395 1190 4456 ircroica
1211 4391 1299 4451 dives

11 4566 14 4571 ¹
66 4487 219 4575 somnum,
247 4497 277 4557 in
303 4497 419 4578 paeiits.
463 4496 563 4563 Aliter
587 4497 708 4577 dictum,
738 4500 913 4583 propiusque
940 4496 1142 4563 nicatorem
1168 4495 1295 4575 accolit,
