2948 4986
489 194 544 258 llll
563 191 686 259 uuus!
702 193 966 262 eudromius.
1271 200 1353 275 28?

107 364 224 428 Heinsit
246 364 368 429 vidimus
389 384 442 428 suo
464 365 540 430 loco.
584 365 720 430 Nonnihil
742 371 836 431 autem
857 367 913 432 lunc
927 388 1041 454 quoquc
1055 372 1247 434 commovisse
1257 368 1352 434 Heln·

108 468 184 530 sium
205 470 380 549 putaverim,
410 471 485 552 quod
514 488 570 533 nun
596 473 669 534 satis
697 471 821 550 elegans
849 473 998 536 videretur
1024 475 1177 537 verborum
1199 473 1351 538 collucutio

113 571 243 636 l'icr‘nue
268 572 415 653 stamme.
1132 620 1134 623 -

174 676 239 738 Dir.
262 696 295 738 v.
319 678 369 737 Π.
407 679 450 740 Et
480 678 545 741 lete
571 686 693 741 teneant
721 678 845 760 diffuso
866 684 989 762 perpite
1010 699 1146 764 cumpca.
1190 680 1350 769 Helorinus

108 781 152 843 Et
175 780 240 842 lete
262 789 385 842 teneant
408 781 551 862 diffusus
573 787 693 863 perpete
707 802 844 865 campus.
890 782 1115 861 Elegantissime
1129 785 1351 856 camdenum

109 885 137 945 in
150 884 283 961 Virgilio
306 886 382 946 lucta
399 889 496 963 esset,
518 889 566 946 eut
584 884 709 963 Ovidi03
731 888 759 946 iu
773 884 885 949 Getone
907 887 1029 965 inutilis,
1052 906 1159 967 praua,
1181 887 1230 950 vel
1253 890 1351 968 potius

107 989 268 1067 corruptio.
312 987 396 1049 Haud
419 988 506 1050 dubie
528 988 702 1068 displicebat
725 989 845 1050 Heinsio
874 991 938 1054 late
963 991 1143 1053 adverbium.
1187 990 1226 1054 Ut
1247 991 1350 1071 displi-

110 1095 158 1153 cel
180 1091 274 1153 eidem
297 1090 397 1154 auditu
420 1092 483 1153 Dir.
507 1096 558 1153 72.
589 1091 731 1170 Compare
754 1091 863 1156 Culicis
885 1092 977 1156 lucum
999 1115 1030 1156 v.
1054 1097 1127 1155 165.
1162 1097 1351 1177 Spucmosua

108 1195 176 1258 tute
197 1195 358 1278 torquebat
377 1195 526 1258 meotidas
549 1195 659 1258 order:
683 1194 732 1256 ubi
754 1196 819 1259 lete
840 1200 871 1259 et
891 1197 1039 1260 mamilus
1063 1199 1137 1274 mel,-
1161 1190 1351 1276 petavianus,

108 1299 286 1375 Turnonem,
309 1299 520 1376 Augustanus,
551 1298 714 1360 Vossianus
735 1303 788 1362 81.
819 1300 941 1381 itemque
968 1302 1076 1382 antiqui
1107 1299 1173 1362 libri
1198 1302 1268 1364 editi
1290 1319 1352 1364 cunr

110 1403 176 1465 cod.
199 1402 361 1464 Basilceusi
393 1408 424 1466 ct
448 1402 593 1464 Vossianu
616 1401 660 1463 Π.Ι
678 1421 795 1479 omnes,
829 1407 946 1482 praeter
974 1384 1115 1467 Venetam
1149 1404 1293 1480 delatis,
1323 1406 1351 1466 iu

108 1524 182 1588 qua,
204 1507 304 1567 nescio
329 1512 419 1568 utrum
441 1507 591 1582 consulto,
618 1524 655 1567 au
678 1524 764 1582 casu,
786 1507 932 1583 mulidus,
964 1512 994 1569 et
1021 1514 1136 1587 practer
1159 1506 1350 1586 Viceutinam,

109 1612 138 1673 iu
162 1629 219 1692 qua
245 1610 354 1674 montio
381 1613 500 1673 vitiose.
550 1609 652 1693 ltaque
685 1628 782 1690 purum
813 1617 947 1673 accurate
978 1609 1111 1689 Heynius
1140 1613 1192 1675 ita‘
1212 1611 1351 1694 loquitur,

107 1718 172 1777 acsi
194 1716 324 1779 mutiles
346 1715 468 1792 vulgata
490 1716 529 1777 sli
550 1717 717 1793 scriptura,
739 1717 769 1775 et
791 1714 869 1776 tatic
892 1732 962 1776 esse
984 1714 1055 1776 dicit
1075 1715 1104 1776 iu
1124 1715 1175 1779 ed.
1190 1724 1257 1778 eet:
1284 1716 1351 1794 ugo

108 1837 187 1881 nuuc
208 1820 475 1883 letio—mntidue
498 1821 526 1880 in
549 1818 626 1880 nulla
649 1818 776 1879 editione
798 1819 959 1900 antiquiore
975 1818 1112 1895 invenio,
1135 1823 1351 1899 praeteream,

107 1942 194 2008 quarn
215 1923 287 1986 Aldi
309 1924 462 1985 editionem
480 1922 617 2000 appello,
640 1921 784 1982 diversam
805 1921 842 1982 alr
865 1921 982 1983 Aldiuis
1007 1924 1098 1984 reri.
1122 1930 1152 1986 et
1175 1910 1269 1986 1534.
1313 1925 1352 1986 lli

106 2028 240 2092 nautibus
263 2027 374 2108 quidem
396 2045 467 2087 vera
489 2025 561 2086 laud
585 2024 669 2085 dubie
692 2026 835 2105 scriptura
854 2029 919 2086 cst:
943 2028 1121 2090 uirentibus
1144 2028 1352 2090 restituendum

108 2152 165 2215 pru
187 2131 334 2195 meotides
356 2128 420 2193 cur.
448 2131 517 2192 rau.
541 2130 577 2190 de
599 2147 654 2210 quo
676 2128 710 2188 ed
734 2128 798 2190 Dir.
822 2133 874 2188 44.
937 2129 1013 2192 lutis
1036 2130 1258 2193 emendationem
1280 2132 1351 2211 putu

108 2254 182 2300 esse
204 2238 285 2311 eius,
311 2237 358 2316 qui
379 2235 508 2298 mutilem
531 2250 586 2294 non
609 2232 762 2294 benedici
785 2232 849 2293 sine
871 2231 1000 2311 cpltlueto
1024 2236 1167 2296 censeret.

177 2338 241 2401 Dir.
264 2359 296 2400 v.
318 2340 370 2401 91.
395 2339 566 2401 Extremam
588 2355 710 2398 carmen
731 2355 904 2398 revocemus
920 2318 1059 2399 ¹Baitero
1079 2356 1192 2399 eveum
1214 2337 1352 2400 Heinsius

108 2447 169 2507 tum
191 2441 266 2525 quod
288 2460 345 2504 nou
369 2440 548 2519 intelligeret
570 2439 677 2516 locum,
700 2442 756 2500 tum
778 2443 898 2518 prepter
915 2438 1081 2532 elegantiae
1096 2438 1174 2502 illius
1188 2443 1351 2504 caritatcmr

107 2549 260 2612 Extrema
282 2565 399 2608 avena.
1344 2597 1346 2599 .

175 2650 279 2728 Ilclog.
303 2673 333 2710 v.
352 2655 401 2710 11.
424 2649 488 2710 Aut
509 2651 608 2710 roseis
632 2647 739 2727 diuitis
762 2647 890 2709 viridem
913 2647 1103 2728 decerpserit
1117 2668 1218 2710 neum.
1260 2647 1352 2709 Fran-

108 2734 281 2818 cromam
302 2757 402 2816 roseis
425 2753 550 2815 uiridem
573 2751 682 2831 diuitis
705 2750 736 2811 d.
758 2770 789 2812 e.
841 2749 919 2812 lde-m
941 2747 977 2813 (Χ
995 2750 1111 2812 vBartluli
1143 2771 1249 2813 seusus
1281 2752 1351 2829 luit,

108 2863 140 2921 et
164 2863 232 2919 eutr
255 2860 347 2919 luerat
373 2856 483 2918 librarii
516 2854 748 2934 interpolatoris,
771 2871 789 2915 e
811 2854 894 2915 culus
916 2853 1027 2916 fabrica
1049 2855 1181 2935 prodiere
1203 2856 1256 2916 mel
1279 2855 1352 2917 Mo-

107 2978 255 3023 naceuscs
276 2961 332 3021 duo
354 2967 384 3022 ct
405 2957 525 3020 Vratisl.
548 2958 572 3019 Ι.
617 2959 725 3021 Verum
744 2957 801 3019 hoc
821 2974 878 3018 uun
907 2956 1028 3033 inutile,
1056 2976 1196 3038 pravum,
1229 2960 1282 3022 sed
1305 2961 1352 3020 in·
1435 3030 1437 3035 ¹

108 3071 207 3146 opium
229 3064 350 3125 dixerim
372 3068 491 3142 pmpter
512 3064 621 3123 nimiam
645 3061 833 3142 opltlretorum
856 3062 1081 3138 similitudinem,
1104 3082 1187 3145 quum
1206 3064 1234 3124 ln
1254 3063 1353 3127 colore

109 3172 247 3254 versetur
276 3173 442 3248 uirumque:
473 3182 545 3248 quae
573 3164 703 3245 cpillrela
725 3183 760 3227 cc
782 3165 864 3225 niodo
897 3167 1049 3227 conluncla
1078 3163 1152 3228 lanc
1176 3167 1261 3229 iaclle
1282 3187 1353 3229 sus-

110 3273 253 3352 picionem
275 3272 446 3343 moverent,
467 3275 580 3349 poetam
603 3286 752 3348 opponere
774 3269 830 3329 sibi
853 3269 989 3330 diversus
1011 3270 1088 3330 inter
1109 3288 1143 3330 sc
1165 3269 1299 3346 colores,
1322 3275 1353 3333 et

109 3374 138 3435 ln
162 3391 198 3436 ca
219 3374 403 3452 oppositione
426 3372 524 3435 ludere
546 3371 686 3434 voluisse.
731 3371 788 3454 Qui
816 3374 846 3432 ct
873 3390 932 3451 pcr-
955 3390 998 3448 sex
1017 3373 1133 3450 ineptus
1154 3371 1235 3433 lusus
1258 3374 1350 3449 iuret,

109 3484 140 3541 ct
162 3476 317 3554 Gelonem,
341 3486 423 3559 quum
444 3477 571 3540 viridem
592 3477 665 3537 dixit
688 3494 789 3546 uvam,
817 3494 880 3536 nun
895 3479 951 3538 tam
973 3476 1010 3536 dc
1033 3475 1129 3537 colore
1151 3477 1350 3555 pugnavisse,

109 3600 194 3666 quam
217 3581 388 3643 immaturam
411 3580 593 3658 siguificare,
627 3597 733 3640 versus
767 3579 856 3641 docet
884 3582 931 3661 qui
961 3581 1099 3661 sequitur.
1143 3578 1253 3641 Similis
1280 3582 1353 3642 ratio

109 3684 220 3750 Catulli
243 3687 306 3759 est,
335 3683 432 3765 llpltl.
455 3686 489 3747 P.
513 3688 543 3746 ct
564 3682 622 3745 Tlu.
645 3687 720 3745 309.
742 3682 791 3743 ulii
814 3681 928 3758 vulgo:
963 3684 1007 3744 At
1029 3701 1117 3746 roseo
1139 3686 1251 3746 nieme
1271 3687 1354 3747 resi·
1432 3686 1437 3691 ’

107 3790 226 3854 dedunt
246 3795 361 3852 uertice
382 3794 489 3852 uittae.
534 3788 655 3850 Nimium
679 3786 745 3849 huc>
758 3787 883 3849 colorum
903 3793 949 3848 esi
964 3787 991 3847 lo
1011 3805 1066 3847 uuo
1082 3785 1162 3848 loeu-
1203 3786 1276 3871 Quis
1297 3806 1354 3848 nun

107 3892 301 3973 amplectatur
322 3891 544 3954 emendationem
567 3889 687 3970 Vulpil:
710 3884 898 3954 Ambracio?
926 3888 1098 3973 Quamquam
1121 3891 1185 3970 lpse
1196 3933 1208 3967 ,
1237 3892 1263 3950 si
1286 3891 1354 3973 quid

106 3996 312 4078 haberetque
334 4013 369 4057 sc
391 3999 519 4058 tueretur
540 4015 648 4058 roseus
671 3995 823 4057 Pcrcamm
852 3997 975 4067 redux,
997 3994 1210 4075 acquiescerem
1233 3996 1261 4056 ln
1284 3993 1354 4056 vul-

102 4105 204 4181 gata:
231 4100 334 4179 potuit>
348 4101 422 4160 eninr
443 4099 527 4161 ctiam
547 4095 662 4162 Catullo
683 4098 838 4173 excidere,
868 4097 943 4179 qnod
967 4098 1067 4159 merito
1094 4097 1257 4178 displiceat.
1301 4097 1355 4160 Sic

106 4207 138 4268 lu
163 4202 226 4269 ciri
249 4223 279 4264 v.
303 4206 334 4265 4.
356 4207 441 4265 teneo
465 4201 634 4284 quam-libri
657 4205 790 4275 tuentur,
813 4201 967 4263 verborum
990 4199 1228 4265 collocationemr

332 4308 485 4370 Florentia
512 4306 608 4368 viridi
628 4305 765 4388 Soplliee
786 4305 993 4388 complectitur
1014 4306 1139 4368 umbre:

106 4413 245 4499 quamvis
267 4412 338 4474 ordo
361 4410 524 4489 Scaligeri,
557 4411 711 4472 llorentic
733 4409 871 4490 Sophiae
892 4410 988 4472 uiridi
1010 4429 1037 4472 e.
1061 4431 1091 4472 u.
1114 4409 1149 4470 ad
1172 4425 1260 4469 mcum
1282 4425 1353 4467 scu-

105 4538 176 4584 sum
208 4518 344 4591 suavior,
378 4522 437 4582 turs
469 4515 537 4599 qula
560 4513 738 4596 simplicior,
767 4517 824 4581 turo
849 4512 925 4596 quod
951 4511 1108 4595 dlsplicunt
1133 4511 1190 4574 duo
1218 4514 1355 4576 modum
