2948 4986
109 188 188 260 260
560 177 844 245 nussanunnro
866 179 907 244 u.
998 217 1004 228 ι

109 360 314 421 et-seuserunt
328 373 443 418 lomnes.
487 354 546 416 lam
568 354 656 417 lliras
678 355 744 437 quis
764 355 889 435 scriptus
911 373 1011 418 essee
1027 373 1119 436 puero
1136 358 1334 440 quatuordeeim

111 460 160 524 vel
182 461 307 523 sedecim
328 459 377 520 vel
399 459 601 538 septemdecim
630 475 763 520 annorum
795 460 852 521 silai
884 455 1079 540 persuadenti
1124 461 1297 539 Crederem,
1315 463 1335 524 si
1380 510 1382 529 ἱ

110 564 167 625 hoe
188 565 297 624 diserte
319 563 384 624 siue
407 562 564 624 Suetonius
586 563 651 623 sive
673 560 747 622 alius
778 563 900 645 quisque
927 564 1100 641 affirmaret,
1130 583 1201 626 esse
1222 565 1336 628 Dirasa
1380 558 1382 567 ’

110 686 200 749 puero
223 668 365 747 scriptas,
399 664 449 727 vel
477 664 533 726 hou
565 663 682 743 saltem,
704 672 864 745 permature
883 663 1024 744 ,catonem
1054 670 1193 747 coepisse
1216 670 1246 730 in
1267 671 1336 750 poesi

111 771 271 833 elaborare.
314 769 398 832 Nunc
420 788 503 851 quum
525 767 596 829 nihil
619 769 756 829 eiusmodi
779 771 909 832 traditum
932 771 1009 832 sita
1031 774 1181 853 quopiam,
1206 791 1243 835 ea
1264 775 1337 835 lllrau

110 879 225 950 aetate,
248 891 329 954 quam
352 889 463 934 carmen
484 874 590 952 ipsum,
623 873 733 933 minime
754 873 943 950 immaturum,
965 863 1337 962 pustulam-scriptasessc

109 978 287 1058 putabimus:
315 978 341 1039 si
365 995 421 1038 nou
443 995 461 1037 a
484 978 564 1054 vlro,
593 981 671 1036 certe
694 975 731 1036 ab
754 979 859 1038 iurene
881 977 955 1040 satis
978 982 1086 1039 matura
1105 983 1217 1043 aetate.
1261 981 1337 1054 Tun,

109 1083 182 1163 upuod
209 1084 277 1144 ante
306 1082 395 1143 Diras
421 1083 597 1160 scripserat,
626 1083 658 1141 ut
687 1097 726 1139 ex
747 1081 822 1158 ipsis·
841 1079 922 1141 Diris
945 1087 1075 1160 constat,
1106 1089 1239 1160 cognato
1261 1103 1338 1162 argr-

107 1189 201 1247 meatu
224 1205 317 1265 opus,
348 1187 385 1246 de
412 1185 565 1245 amissione
593 1184 675 1260 agri,
693 1165 740 1244 'de
769 1201 825 1265 quo
847 1203 937 1264 opere
955 1183 1055 1264 'paullo
1077 1194 1147 1266 post
1171 1188 1339 1264 dicetur,et

107 1308 180 1371 quos
202 1295 269 1350 ante
292 1289 396 1361 Diras,
426 1291 457 1349 ct
483 1290 550 1348 ante
571 1287 752 1347 amissionem
774 1288 858 1367 agri,
890 1307 965 1350 ase
986 1290 1115 1369 scriptos
1138 1292 1266 1355 lilettua
1286 1293 1338 1372 ipse

108 1393 240 1454 Diris-v.
264 1398 315 1453 26.
338 1395 478 1468 testatur,
508 1408 572 1451 num
600 1388 675 1450 hoec
702 1392 794 1453 omnia
816 1392 897 1453 iocre
918 1392 1038 1472 puerilis
1060 1395 1173 1471 ingenii
1195 1397 1278 1458 letus
1295 1415 1337 1456 ιι-

107 1489 235 1558 mourut
460 1507 463 1510 ’

79 1647 81 1651 ,
171 1600 233 1672 At,
267 1599 412 1681 inquiunt,
442 1599 565 1658 testatur
587 1594 875 1674 tamen-Suetonius,
910 1599 1058 1683 pupillum
1079 1601 1173 1662 iulssc
1196 1580 1339 1678 Catonem,

108 1720 191 1782 quum
215 1700 572 1780 exueretur-patrimonio.
616 1697 699 1761 Itane
721 1695 817 1763 vero?
857 1685 923 1778 lugo
952 1721 1033 1784 quum
1056 1706 1173 1783 primurn
1196 1705 1339 1784 diligenter

110 1810 249 1867 excutere
270 1805 363 1866 uerba
391 1804 522 1865 Suetonii
551 1805 650 1883 coepi,
678 1803 755 1865 illico
783 1806 1002 1884 animadverti,
1019 1826 1110 1886 posse
1137 1811 1253 1891 quidem
1275 1809 1339 1872 Sue-

108 1910 213 1968 tonium
231 1926 293 1969 eum
311 1909 338 1968 iu
355 1926 469 1969 sensum
486 1909 592 1987 accipi,
618 1907 725 1968 dobere
743 1928 798 1970 non
815 1909 922 1970 itidem.
967 1911 1065 1974 Locus
1083 1910 1131 1972 hic
1145 1917 1212 1974 cst:
1235 1917 1337 1996 ipse-

107 2016 266 2091 inpendens
288 2031 324 2073 se
345 2020 447 2074 nutum
469 2017 533 2086 ait,
555 2020 585 2073 et
604 2011 752 2093 pupillum
773 2013 927 2091 relictum,
951 2034 1047 2100 copae
1066 2016 1202 2097 facilius
1226 2019 1338 2080 licentia

109 2116 233 2178 Sullani
253 2118 396 2196 temporis
419 2122 538 2177 cnutum
565 2117 759 2196 patrimonio.
809 2115 874 2176 nno
903 2122 971 2180 sunt
985 2180 986 2185 ,
1000 2137 1074 2200 quae
1102 2118 1188 2182 dicit:
1219 2124 1337 2201 primun,

109 2221 183 2301 quod
206 2218 332 2298 pupillus
354 2218 472 2280 relictus
491 2219 582 2292 ,t'nerit
603 2237 620 2278 a
642 2223 742 2297 patre,
776 2237 905 2280 caussam
933 2222 1023 2282 luisse
1046 2240 1096 2283 cur
1117 2231 1275 2287 exueretur
1292 2243 1337 2303 pa-

108 2324 259 2402 trimoui03
291 2322 427 2399 alterum,
457 2329 572 2383 exutum
602 2340 670 2384 csse
703 2323 872 2401 patrimonio
901 2323 1019 2386 licentia
1055 2325 1167 2387 Sullani
1206 2329 1338 2407 temporis.
1379 2360 1382 2371 ·

110 2426 248 2506 Pupilluna
277 2427 387 2502 luisse,
414 2444 500 2507 quum
527 2429 702 2500 exueretur,
733 2444 788 2486 non
818 2427 898 2488 dicit.
943 2428 1009 2490 lloe
1037 2429 1064 2489 si
1087 2430 1187 2492 dicero
1210 2431 1339 2492 voluisset

109 2530 283 2607 Suetonius,
306 2531 433 2590 tortasse
456 2529 592 2590 disertius
616 2533 646 2590 et
667 2529 826 2609 simplicius
847 2531 991 2607 dixisset,
1019 2550 1075 2592 nun
1098 2531 1154 2594 inae
1175 2532 1338 2615 loquutione,

107 2629 144 2697 eo
165 2635 319 2716 facilins,
339 2622 416 2715 'quae
438 2631 564 2714 loquutio
588 2638 686 2694 natura
709 2653 762 2694 sua
783 2632 839 2695 lruc
861 2633 965 2713 habet,
990 2641 1020 2697 ut
1042 2636 1135 2712 arogis
1158 2655 1279 2698 caussas
1299 2655 1339 2697 re-

110 2740 247 2799 motiores
269 2755 351 2819 quam
368 2738 515 2814 proximas
538 2736 655 2800 indicet.
700 2735 801 2800 Veluti
816 2738 860 2799 sio
873 2739 1032 2817 scripturus
1050 2739 1173 2801 luisset:
1196 2744 1341 2822 inpmuun

111 2842 356 2916 occuluerunt,
386 2849 417 2901 ct
446 2857 533 2921 quum
559 2839 700 2920 pupillus
730 2841 858 2904 relictus
891 2852 993 2919 essct,
1025 2851 1146 2905 cnutum
1171 2849 1340 2927 patrimonio
1380 2894 1382 2898 .

110 2946 237 3006 deontia
257 2944 292 3006 S.
313 2950 338 3003 i·
361 2940 411 3003 vel
433 2943 495 3002 sic:
526 2943 583 3004 sed
610 2943 759 3025 pupillum
781 2944 932 3021 relictum,
960 2933 1143 3032 exutumque
1168 2950 1339 3030 patrimonio
1380 3008 1382 3037 ἶ

109 3047 188 3109 tS.
203 3054 226 3107 t.
270 3042 570 3106 Observeturobiter
592 3044 678 3108 latine
701 3047 805 3109 dictum
825 3050 973 3131 pupillum
994 3050 1140 3112 reticium.
1184 3052 1250 3114 Nos
1270 3051 1339 3120 aliter
1380 3060 1382 3113 !

112 3150 251 3223 solemus,
276 3151 307 3210 ut
327 3149 431 3209 fortius
453 3147 609 3209 inculcetur
632 3151 709 3210 notio
723 3151 830 3229 patris:
852 3168 886 3211 cr
906 3148 986 3212 hatte
1008 3150 1072 3212 l'rdlr
1095 3152 1151 3212 deu
1168 3154 1261 3216 Vater
1281 3170 1337 3213 ver·
1379 3140 1382 3211 l

113 3255 204 3316 lorcn.
248 3253 367 3316 Plenius
389 3250 547 3314 Suetonius
569 3254 596 3313 in
619 3237 689 3315 viia
701 3253 813 3315 Persii:
838 3253 935 3315 Pater
956 3257 1024 3316 eius
1047 3255 1183 3320 Flaccus
1206 3257 1336 3341 pupillus

113 3362 239 3445 reliquit
260 3344 407 3435 moriens,
431 3376 574 3418 annornm
595 3358 663 3436 sere
684 3377 752 3420 sen.
797 3356 857 3418 Sed
881 3357 979 3428 eadem
1002 3357 1148 3420 brevitate
1171 3359 1222 3422 illa
1243 3352 1296 3443 alii,
1312 3361 1335 3418 ul
1379 3376 1382 3445 l

115 3464 219 3529 Cicero
243 3464 324 3525 Brut.
342 3482 407 3520 arx.
442 3460 590 3522 Similiter
611 3464 706 3542 ipitur
728 3463 933 3542 suspicor-
951 3461 1114 3539 Curionis,
1137 3463 1333 3549 ecsrpupodau
1379 3448 1382 3526 l

115 3569 240 3630 relictus
263 3574 312 3630 cet
341 3568 398 3627 ctu.
780 3606 783 3610 ι
1379 3558 1382 3627 ἓ

178 3668 279 3750 ltaque
300 3655 346 3729 de
360 3651 501 3732 Suetonio
523 3670 618 3730 securi
642 3671 685 3731 tot
705 3685 796 3729 annos
819 3667 943 3744 Catoni,
967 3654 1040 3729 ante
1055 3670 1238 3733 amissionem
1261 3667 1334 3752 patri-
1379 3636 1382 3727 l

115 3773 216 3850 monii,
239 3773 352 3849 damus,
382 3775 451 3852 quot
472 3789 643 3833 assuescere
664 3790 738 3847 agro
759 3789 828 3848 suo,
860 3770 1031 3852 puellaeque
1052 3791 1142 3848 sune,
1174 3777 1206 3836 et
1234 3772 1334 3837 cunin

116 3881 213 3939 tacere
241 3878 360 3954 utroque
387 3893 481 3936 amore
509 3873 595 3954 plenu
622 3874 758 3954 potuerit.
802 3875 911 3936 Amare
938 3878 1031 3936 autem
1053 3875 1174 3954 Lydiam
1197 3883 1275 3941 certe
1293 3891 1334 3936 nun

116 3984 183 4042 anic
206 3981 322 4039 sumtum
344 3982 444 4054 togam
466 3977 575 4040 virilem
599 3979 713 4057 coepit,
737 3976 784 4038 vel
808 3979 904 4057 potius
928 3977 1022 4060 aliquo
1045 3981 1175 4058 tempore
1191 3987 1335 4060 postsun-

117 4089 173 4144 tam
196 4085 292 4163 togam
314 4079 435 4142 virilem.
480 4079 562 4164 Quod
585 4081 658 4141 enim
681 4081 833 4159 Propertio
855 4081 977 4159 accidit,
1007 4101 1088 4164 quem
1111 4084 1204 4144 virum
1226 4085 1336 4165 lycum

116 4189 204 4264 iecit,
226 4186 253 4246 id
277 4202 333 4245 non
355 4182 497 4245 accidisse
520 4183 645 4265 Catoni,
677 4185 730 4246 scd
753 4189 863 4264 captam
885 4186 923 4247 alo
946 4187 1011 4265 ipso
1034 4186 1155 4265 Lydiam
1177 4207 1263 4265 esse,
1283 4203 1337 4248 sua·
1380 4216 1382 4257 ;

118 4292 187 4353 deut
207 4306 313 4351 versus
335 4285 464 4362 llelogac
480 4290 531 4348 53.
552 4286 656 4368 (156.)
677 4306 742 4369 sqq.
787 4288 850 4373 Quo
873 4288 948 4351 redit
968 4289 1125 4370 disputatio
1148 4296 1249 4355 nostra
1267 4305 1339 4369 snpra
1380 4270 1382 4347 i

118 4394 154 4456 de
175 4394 258 4457 annis
280 4388 410 4454 Gelonis.
455 4386 546 4468 Mihi,
575 4391 601 4451 sl
629 4391 757 4472 quidex
779 4391 825 4453 lais
847 4394 1001 4472 poematis,
1036 4413 1109 4476 quae
1131 4400 1251 4459 servato
1271 4400 1340 4479 suut,
1380 4466 1382 4488 Ι

117 4496 295 4560 iudicandum
318 4497 381 4591 est,
405 4491 494 4555 Dirae
515 4497 632 4574 pectem
649 4493 774 4575 prodere
797 4496 932 4564 ,videntur
954 4497 1098 4574 tricesimo
1118 4518 1202 4583 quam
1219 4500 1342 4566 rieul-u
