2946 4988
415 183 458 245 ΙΝ
481 182 650 246 vacillari
673 181 856 251 comeriis
878 183 1016 249 eluas
1266 193 1345 263 127

88 360 125 416 ut
146 353 281 418 hahuerit
302 376 339 418 ea
361 355 527 434 Palatinus,
549 355 599 417 vel
614 354 765 432 Palatini,
794 373 869 418 cave
890 375 927 418 ne
947 348 1143 438 amplectaris.
1187 358 1259 420 Plus
1281 367 1345 437 est,

88 461 151 520 nisi
173 457 328 539 fallor,.ln
351 458 537 538 simplicitate
559 460 616 520 istu
638 461 814 522 maiestatis:
837 480 897 521 sum
915 461 1002 539 deus,
1024 462 1133 543 lnquit,
1156 466 1186 524 et
1204 463 1269 524 istis
1292 482 1344 524 re-

89 564 150 624 bus
172 562 272 640 gestis
293 564 418 638 sanguis
441 581 475 623 se
497 569 598 624 noster
620 562 777 642 approbat:
801 581 860 643 ego
882 564 1054 641 eumdem,
1078 564 1278 641 etAugustus
1298 566 1346 628 lrls

89 668 181 728 iactis
203 684 238 727 sc
261 667 430 742 sanguinem
454 683 522 725 esse
541 673 685 740 nostrum,
709 663 765 726 lroo
781 671 844 742 est,
868 667 959 745 ipsum
979 684 1091 748 quoque
1108 667 1206 744 deuna,
1229 668 1343 748 probat.

89 771 127 832 ln
148 771 248 850 priore
269 786 360 829 versu
382 767 473 829 malim
496 787 557 829 cum
580 767 759 829 Lachmanuo
780 772 928 846 miratur,
958 771 1011 830 sed
1034 789 1121 831 sensu
1152 789 1275 850 prorsus
1297 773 1342 833 di-

91 890 202 934 verso:
226 875 255 933 ut
279 873 317 933 alt
339 873 422 953 quast
444 877 558 935 meone
582 876 638 933 uit.
675 872 718 933 m
739 872 814 950 apud
838 869 976 934 Catonem
999 874 1149 949 egregiam
1171 877 1202 936 'et
1223 895 1344 956 prorsus

91 995 174 1037 seam
197 976 255 1035 rim
278 973 426 1037 habetem
455 974 613 1054 particula:
648 974 782 1035 admnonet
811 977 884 1037 enim
912 975 1019 1058 aliquid
1046 979 1142 1053 magni
1173 984 1204 1040 et
1229 980 1259 1040 in
1287 998 1344 1061 qno

91 1077 208 1141 multum
230 1080 362 1139 momenti
385 1079 440 1152 sit,
464 1081 646 1159 sequuturum
664 1096 741 1139 esse.
766 1077 840 1160 Quid
856 1072 948 1141 autem
964 1080 1054 1140 oraine
1071 1085 1101 1141 ot
1116 1083 1249 1159 gravius,
1261 1100 1343 1164 qnam

92 1180 218 1244 ultimum
242 1183 345 1244 intueri
368 1188 481 1261 poetam
504 1200 620 1270 campos
643 1174 736 1243 suos?
757 1180 860 1263 ltaque
881 1180 955 1245 lraec
976 1182 1107 1244 breviter
1129 1186 1272 1245 sententia
1286 1185 1343 1246 loci

91 1289 151 1347 eet.
187 1285 250 1348 Sel
273 1284 329 1346 lroc
352 1285 518 1347 exornavit.
552 1280 631 1347 Dicit
653 1286 725 1346 enirn
748 1302 804 1345 noo
827 1286 959 1348 ultimum
981 1286 1029 1347 vel
1054 1291 1249 1349 novissimum
1272 1290 1343 1349 sim-

91 1387 225 1468 pliciter,
248 1389 301 1449 sed
321 1392 422 1470 primu
443 1393 629 1464 nouissima,
654 1387 702 1449 vel
724 1392 843 1471 prima,
867 1392 1037 1451 nouissima
1059 1407 1120 1450 cnm
1143 1379 1343 1464 distinctione,

91 1498 124 1552 ut
144 1496 193 1552 cst
215 1493 243 1552 io
266 1491 357 1571 prima
379 1491 467 1568 Alli,
490 1491 584 1568 bugd.
605 1497 695 1554 1529.
718 1478 792 1568 Bas(
806 1492 845 1569 Η.
858 1493 1003 1555 P.-1561.
1027 1492 1246 1571 Scaligeranis,
1263 1494 1343 1556 Pitlr.

91 1593 222 1677 reliquis,
262 1595 317 1656 Ab
340 1595 458 1670 iisdem,
488 1600 603 1674 praeter
625 1584 758 1656 ,illisam
781 1594 820 1657 11.
844 1598 874 1656 et
894 1594 1060 1674 Pithoeum,
1089 1603 1169 1657 recle
1191 1599 1342 1677 interpun-

90 1699 151 1759 ctio
172 1699 260 1760 abest
281 1699 314 1759 in'
332 1699 387 1759 line
409 1717 532 1770 versus,
556 1705 586 1758 ut
607 1698 693 1759 etlam
716 1699 752 1759 alr
776 1698 842 1759 aliis
862 1697 1023 1774 nonnullis,
1047 1718 1119 1780 quas
1134 1719 1223 1780 supra
1240 1718 1340 1762 reeen-

89 1803 147 1862 sui.
189 1807 290 1883 primu
312 1805 482 1864 nouissima
505 1808 624 1864 intueor
645 1821 728 1882 quum
751 1802 836 1879 dicit,
859 1801 1022 1880 significat,
1046 1804 1092 1863 diu
1115 1823 1149 1865 se
1171 1803 1292 1865 haerere
1314 1806 1342 1864 in

89 1904 148 1967 lroc
171 1905 268 1973 ultiuro
290 1905 431 1984 adspectu
454 1923 614 1985 camporum
632 1925 761 1983 suorum,
783 1910 814 1967 ct
830 1923 904 1966 nunc
924 1907 1058 1984 primum,
1081 1919 1156 1989 nunc
1173 1908 1343 1985 sennodum,

91 2002 166 2071 oenc
189 2011 321 2086 tertium,
346 2009 467 2090 denique
489 2013 617 2090 qnantum
646 2014 677 2070 et
703 2008 951 2073 ultimum‘iotneri
975 2027 1108 2088 compos:
1140 2015 1172 2071 ut
1187 2011 1268 2082 „lacit
1295 2013 1342 2093 qul

88 2130 185 2198 aegre
207 2111 353 2174 divellitur
375 2112 411 2172 alr
434 2111 531 2192 aliquo
554 2113 704 2190 adspectu.
727 2112 883 2173 mannen
905 2129 969 2172 rem
998 2112 1116 2174 ulterius
1139 2114 1266 2177 declarat
1288 2116 1342 2176 ad-

90 2215 182 2278 rlitcm
205 2233 293 2279 versu
316 2232 379 2296 seq.
397 2216 531 2296 lorcyum.
556 2205 688 2296 {lenique
706 2215 793 2277 uotis
813 2233 869 2276 non
886 2217 1009 2277 otiosum
1032 2223 1096 2293 est3
1118 2218 1241 2297 opponit
1256 2225 1345 2298 pocta

91 2339 134 2383 se.
149 2320 250 2382 militi:
272 2319 343 2386 milri,
363 2318 410 2380 hie
432 2318 547 2381 ultimus
569 2319 728 2397 adspectus
747 2335 906 2397 camporum
926 2323 986 2397 est,
1010 2326 1104 2382 rnanet
1121 2323 1149 2382 io
1168 2321 1227 2382 illis
1251 2321 1344 2383 miles.

158 2424 207 2511 lle
228 2423 418 2503 productione
445 2423 549 2505 Tuque
576 2425 692 2484 resiste
712 2431 826 2505 patere
855 2440 892 2483 mr
920 2420 950 2481 hl
979 2423 1036 2484 loci
1063 2423 1224 2501 sulliciautc
1254 2425 1343 2502 Virg.

92 2512 158 2589 ccc
182 2527 237 2591 lx.
262 2534 315 2589 oo.
337 2527 378 2589 x.
403 2533 454 2589 oe.
482 2527 560 2588 Aen.
584 2525 608 2588 1.
633 2531 706 2587 eos.
733 2523 773 2587 il.
799 2530 871 2586 ιιι.
904 2526 943 2588 ν.
966 2529 1041 2588 aar.
1062 2527 1116 2597 xi.
1141 2534 1214 2598 ece.
1236 2529 1343 2591 Treuir.

93 2631 116 2693 i.
142 2654 181 2708 x,
208 2639 274 2693 lit·v
701 2610 709 2624 ,
799 2649 819 2698 ἶ

269 2735 387 2799 Desine
407 2735 500 2814 plura
521 2755 615 2816 puer,
639 2745 668 2794 et
692 2733 772 2817 quod
793 2753 872 2795 nuuc
894 2735 993 2795 tuerat
1014 2754 1153 2814 apameo.
1257 2736 1259 2741 ’

227 2870 229 2875 ·
272 2837 379 2901 Omnia
403 2841 499 2899 vincit
521 2858 622 2913 umor,
646 2847 675 2898 et
698 2857 753 2898 noo
776 2837 920 2898 cedamus
943 2843 1049 2918 umori.

269 2941 392 3005 Irittora
414 2946 567 3017 iactetur,
591 2944 673 3003 odiis
696 2941 824 3002 Iunonie
847 2944 982 3026 iniquae.

269 3046 456 3108 Nostrorum
478 3045 642 3119 obruimur,
667 3048 825 3130 oriturque
844 3049 1012 3107 macerrima
1035 3049 1160 3110 caedes.

270 3147 336 3212 otti
358 3169 453 3211 cerua
477 3151 569 3211 datur
576 3191 588 3224 ,
611 3169 733 3230 operum
753 3150 838 3211 laed
860 3153 972 3230 ipnura
995 3151 1171 3213 Mirrernme.

239 3322 244 3327 ,
270 3254 438 3316 Concilium
461 3261 529 3334 ipae
548 3267 640 3335 puter
661 3262 691 3314 et
712 3273 823 3334 ruupua
841 3257 963 3336 inceptu
985 3255 1129 3316 Latinus.

270 3359 365 3421 Nune
386 3361 429 3419 ud
453 3348 680 3432 reclamatur,
704 3368 734 3418 ei
755 3364 815 3425 ium
838 3361 908 3442 pute
929 3360 1067 3439 loroitau
1088 3359 1198 3421 lroetr‘e.

94 3461 184 3538 Elegi
206 3478 261 3522 eos
283 3459 381 3539 locos,
412 3463 458 3542 qui
482 3481 536 3541 per
563 3463 655 3522 orrroia
685 3461 795 3522 similes
822 3467 889 3523 sunt
918 3478 1062 3540 coporos
1085 3459 1207 3524 Catonis
1232 3465 1344 3538 iverant,

93 3585 151 3629 non
174 3565 251 3647 qnod
271 3564 405 3641 veredam,
436 3584 508 3648 quae
531 3563 635 3625 Gitanii
661 3565 776 3625 videtur
799 3546 961 3647 collectan.
993 3565 1021 3624 in
1044 3563 1169 3626 Lucret(
1190 3565 1247 3627 ccl.
1270 3570 1343 3627 too.

92 3691 141 3755 eq.
166 3669 215 3731 ed.
238 3667 354 3730 Lucret.
376 3668 504 3729 Haverc.
535 3668 631 3746 opinio
655 3687 739 3744 esse,
767 3668 907 3744 singulari
939 3668 1099 3734 litteramr
1127 3669 1163 3729 ad
1195 3669 1345 3732 iuvandum

92 3773 313 3855 productionem
334 3773 493 3851 praeditam
516 3772 547 3831 vi
571 3772 674 3832 luisse.
703 3771 806 3851 Neque
819 3772 961 3849 proprium
981 3769 1037 3831 lroc
1054 3770 1267 3850 penthemimeri
1284 3780 1344 3844 est,

94 3879 208 3940 breves
237 3875 399 3956 producere
425 3873 566 3954 syllabas.
612 3873 701 3942 masi,
726 3872 857 3952 exempla
886 3874 912 3933 si
940 3891 1089 3949 numeres,
1111 3876 1293 3954 ,saepissime
1316 3878 1347 3939 lit

95 3977 362 4060 iapcntlremlmeri
383 3980 549 4058 productio:
579 3983 609 4040 et
631 3996 701 4039 sanc
722 3975 796 4038 haec
820 3981 880 4054 est,
909 3979 938 4037 in
966 3995 1022 4058 qua
1044 3980 1101 4059 vim
1131 3969 1230 4039 inesse
1252 3979 1345 4059 pluri-

94 4102 169 4147 mum
190 4086 411 4147 consentaneum
434 4085 496 4157 cst,
519 4100 602 4163 quum
625 4083 666 4144 sit
689 4099 810 4143 caesura
832 4099 938 4142 versus
959 4079 1070 4144 heroici
1092 4084 1234 4162 prinmria.
1279 4084 1345 4144 Ac-

94 4188 176 4250 cedit
197 4186 293 4268 qaod,
323 4205 405 4268 quum
428 4205 519 4265 saepe
541 4188 569 4248 ln
592 4185 647 4247 hac
669 4185 740 4247 sede
769 4185 862 4246 oratio
884 4188 934 4245 aut
955 4202 1025 4264 pars
1047 4182 1187 4250 orationis
1209 4187 1345 4248 termine-

95 4296 158 4360 mr,
182 4291 258 4373 qnod
283 4291 394 4373 quidem
417 4307 452 4351 ea
474 4290 539 4369 ipsa
560 4290 597 4350 rie
620 4288 793 4376 canescit,
817 4288 884 4369 quia
906 4280 1117 4350 lraee'ooesnro
1134 4290 1268 4368 primaria
1282 4294 1345 4365 ost,

95 4395 212 4459 nalum
233 4392 301 4457 llnls
323 4395 482 4457 sententiae
503 4397 591 4475 atquc
613 4392 805 4472 interpunctio
828 4391 863 4457 ael
882 4391 1035 4453 iuvandam
1053 4392 1265 4470 productionem
1289 4394 1345 4453 viru

94 4494 217 4565 hbent·
264 4495 354 4580 Quam
381 4497 411 4559 in
439 4515 499 4560 rem
521 4496 666 4589 commode
687 4493 856 4558 Huschklus
886 4495 923 4557 al
945 4494 1055 4557 Tibull.
1076 4494 1116 4559 11.
1140 4517 1173 4568 n,
1196 4500 1226 4555 i.
1271 4492 1346 4566 Ser-
