2948 4986
506 186 961 282 nuounsmuunnunum.
1277 192 1356 265 ³33

109 378 130 423 a
151 358 312 424 Mutinensi
333 359 484 438 Aldiuam,
508 362 572 423 dum
589 361 638 423 illn
653 379 715 423 oum
729 360 831 438 libris,
854 380 926 443 quos
941 363 1025 440 dlxi,
1038 359 1177 440 vulgatae
1194 361 1356 441 scripturae

108 465 202 540 iacit,
234 463 434 527 Aldiua‘vero
456 469 505 527 551
527 483 588 526 555
610 464 694 527 libris
722 466 842 544 scriptis
863 465 978 529 aliunde
1005 467 1083 529 nulls
1112 466 1257 528 consentit
1264 506 1276 542 ,
1307 470 1356 528 aut

109 585 165 629 sua
183 566 245 628 sibl
267 570 384 648 propria
406 567 503 630 habet.
524 612 528 619 ,
548 567 586 629 111
609 568 653 629 515
676 569 789 650 quidem
812 570 841 630 in
870 568 961 646 locis,
990 571 1043 632 ubi
1075 569 1183 633 Aldina
1213 569 1357 648 scriptura

109 689 206 754 neque
228 672 356 734 idoneam
375 690 550 762 aconsensu
574 673 708 734 editionis
724 672 920 748 Mutinensis,
942 679 992 737 aut
1013 693 1030 734 a
1052 672 1142 739 libris·
1158 674 1277 752 scriptis
1298 672 1355 735 all-

108 776 189 836 unde
210 777 287 837 uotis
309 760 576 838 commendationem
600 776 704 855 habet,
736 794 829 858 neque
859 796 916 838 sua
935 779 1043 840 virtute
1064 781 1152 859 atque
1177 778 1357 857 praestantia

109 878 250 956 excellit,
285 879 322 941 de
344 878 451 941 Aldina
472 897 610 956 securus,
640 883 672 940 ut
692 880 818 942 decebat
841 883 983 959 criticum,
1012 881 1080 942 illud
1102 879 1253 960 amplexus
1275 900 1354 956 snm,

109 983 187 1064 quod
210 1001 263 1063 per
284 1002 318 1046 se
341 988 423 1045 esset
450 983 599 1062 optimum,
629 987 659 1044 51
685 982 802 1045 aliorum
833 982 967 1046 librorum
989 986 1160 1055 auctoritaie
1183 985 1354 1067 comproba-

108 1088 201 1148 retur.
247 1085 410 1150 Cuiusmodi
427 1085 483 1147 lool
503 1086 692 1149 55515158.
709 1092 827 1149 21535.
844 1090 894 1150 18.
911 1093 963 1151 88.
1008 1089 1081 1150 Post
1098 1088 1224 1150 Aldluas
1235 1088 1354 1150 ductuu-

108 1189 219 1253 tlunam
241 1191 385 1272 quamdam
407 1189 562 1265 editorum,
589 1191 762 1270 mixtamque
786 1209 825 1252 cx
846 1190 969 1270 vulgata
996 1196 1027 1255 et
1056 1191 1164 1254 Aldina
1185 1191 1355 1270 scripturam

109 1295 274 1369 cernimus,
299 1294 350 1356 sed
375 1295 465 1355 variis
488 1293 599 1369 nnodis,
633 1293 697 1354 dum
719 1307 793 1354 unus
815 1295 849 1357 ad
881 1297 1051 1374 scripturam
1078 1294 1213 1358 Aldinam
1242 1294 1354 1357 aceedit

107 1397 265 1478 pressius,
288 1397 364 1458 alter
393 1398 512 1477 saepius
540 1396 575 1458 ad
604 1397 751 1474 vulgatam
782 1398 866 1460 redit.
909 1399 949 1461 111
971 1395 1082 1480 quidem
1104 1416 1161 1461 nou
1184 1416 1297 1477 semper
1311 1397 1355 1459 'ad

108 1520 190 1577 eam,
213 1504 433 1583 quamproprie
456 1500 602 1577 vulgatam
632 1501 762 1577 dixeris,
793 1502 888 1582 qualis
917 1508 963 1565 est
993 1501 1198 1579 Romanarum,
1229 1505 1356 1582 et-pu'st

108 1603 256 1666 Romaanus
278 1606 483 1684 proximarum,
507 1605 560 1665 sed
583 1600 666 1666 ellam
689 1604 723 1665 ad
748 1605 1356 1688 555555555555515515515511115155

107 1708 329 1786 mutationibus,
353 1708 597 1784 correctionibus,
622 1709 712 1770 viliis.
758 1706 798 1771 Ut
820 1709 1006 1786 Lugdunensi
1027 1714 1121 1772 1529.
1144 1709 1244 1789 plura,
1268 1710 1354 1772 etlam

107 1815 202 1890 vitia,
227 1832 288 1882 cum
310 1813 500 1875 Ascensianis
523 1809 591 1873 sunt
612 1814 783 1890 conrnnuniaa
813 1819 844 1879 ut
871 1814 1000 1897 relapsa
1031 1813 1095 1874 Ilia.
1127 1815 1178 1875 19.
1209 1813 1356 1875 Candida

107 1939 140 1982 v.
159 1904 232 1979 111.
255 1935 295 1979 ex
314 1913 442 1992 Virgilio
459 1912 528 1975 Aldi
550 1915 631 1976 venit
653 1917 680 1975 in
704 1917 846 1978 editiones
869 1916 987 1978 Aldinls
1008 1918 1188 1996 posteriores
1208 1932 1356 1997 555555-

109 2036 171 2084 ces.
217 2021 314 2083 Habui
336 2024 430 2081 autem
452 2023 538 2100 alque
561 2018 746 2094 coutuli‚.ex
769 2019 823 2080 hac
844 2025 960 2096 aetate,
985 2039 1058 2102 quae
1081 2022 1166 2084 luter
1178 2018 1304 2091 Aliluas
1323 2025 1356 2083 'et

109 2124 294 2202 Scaligcrum
314 2123 486 2198 intercedit,
508 2119 701 2201 excerptoris,
725 2125 751 2183 si
768 2121 905 2184 infinitam
920 2122 1109 2200 Virgiliorum
1126 2102 1249 2202 scrlelur,
1272 2142 1355 2206 quam

108 2227 265 2304 catalogus
293 2225 413 2288 exhibet
441 2224 570 2303 Heynii‚
609 2243 776 2305 compares,
809 2243 922 2305 pauca,
955 2226 1008 2287 sed
1043 2227 1173 2288 idoneum
1196 2223 1355 2289 uumemru.

108 2331 162 2396 Ae
181 2334 307 2393 fortasse
329 2329 426 2392 alicui..
443 2329 545 2388 nimius
573 2327 900 2406 videbiturmumerus,
934 2329 1019 2390 nimia
1041 2330 1068 2390 in
1091 2330 1274 2415 conferendis
1297 2351 1355 2393 ex-

108 2433 284 2516 emplaribus
306 2432 447 2494 sedulitas
469 2449 540 2492 mea.
584 2431 647 2498 Sed
670 2433 838 2495 affectabam
861 2434 972 2512 copiam
994 2432 1133 2514 aliquam,
1156 2439 1187 2496 et
1209 2438 1241 2496 ut
1257 2436 1356 2516 quivis

107 2540 177 2620 lpse
200 2533 312 2600 classes
334 2537 400 2597 siue
421 2533 543 2604 familias
566 2535 748 2612 distinguere
768 2535 971 2616 exemplarium
986 2542 1099 2617 posset.
1143 2538 1246 2620 Neque
1269 2538 1357 2600 facile

108 2644 276 2725 quicquam,
299 2641 372 2721 quod
396 2657 499 2700 novum
522 2639 578 2715 sit,
607 2656 650 2701 me
677 2641 855 2718 praeterisse
888 2645 969 2720 putu.
1010 2641 1090 2704 Sunt
1113 2643 1184 2703 enim
1206 2649 1275 2722 pust
1296 2643 1355 2705 Al-

107 2747 195 2808 dinas
217 2763 310 2806 novae
341 2740 687 2805 nrutatiouus‘nonuullae
707 2745 820 2820 iactae,
844 2748 881 2807 ‘et
902 2744 940 2805 55
962 2744 1122 2807 editoribus
1145 2752 1300 2826 receptae,
1325 2750 1356 2808 ut

109 2851 246 2914 Mittunt
276 2849 338 2909 [llr.
367 2851 420 2907 23.
449 2845 555 2907 crebro
584 2865 615 2907 v.
640 2851 691 2907 41.
724 2846 803 2911 haee
832 2853 863 2912 et
884 2869 921 2911 era
943 2869 974 2910 v.
997 2855 1050 2911 aa.
1104 2850 1197 2915 Purra
1218 2851 1304 2913 deum
1326 2856 1357 2914 et

108 2951 740 3032 5551155.141.118.[555515.151.
782 2961 943 3041 praetereo
966 2974 997 3016 u.
1019 2957 1092 3015 152.
1136 2974 1213 3035 spon
1234 2976 1265 3017 v.
1282 2959 1354 3017 1511.

106 3059 371 3143 5515555152.
414 3063 446 3129 st
468 3073 498 3114 v.
519 3059 588 3117 181.
611 3054 695 3119 aliae.
741 3056 968 3119 Verumumnes
990 3075 1008 3118 e
1031 3058 1206 3132 coniectura.
1239 3058 1356 3121 Librum

108 3163 249 3240 scriptum
271 3168 339 3241 post
362 3157 485 3219 Aldluas
507 3163 575 3219 aute
598 3159 746 3220 Heinsium
768 3179 803 3221 ac
827 3161 1012 3221 Bnrmannum
1036 3179 1134 3238 nemo,
1162 3181 1254 3245 neque
1275 3163 1356 3225 Sca-

109 3265 203 3343 liger,
226 3282 318 3345 oeque
340 3263 413 3324 allus
444 3263 590 3343 quisquam
616 3280 712 3322 eorum
736 3263 873 3344 quidem,
903 3265 950 3347 qul
973 3264 1057 3325 uobis
1079 3266 1279 3341 innotuerunt,
1302 3266 1356 3327 ad-

109 3368 216 3431 blbult.
258 3368 322 3429 Nos
345 3385 416 3429 vero
439 3384 495 3426 non
519 3365 609 3426 solum
632 3366 668 3426 de
685 3366 839 3428 codicibus
861 3366 974 3429 11515511
991 3368 1199 3448 Burmannique
1222 3370 1355 3448 certiora,

110 3490 195 3555 quam
217 3472 281 3551 lpse
307 3472 505 3548 Burmannus,
534 3470 587 3531 sed
616 3469 700 3530 etiam
734 3487 855 3547 prorsus
876 3486 956 3532 nova
977 3489 1016 3533 ex
1039 3469 1105 3531 alils
1127 3469 1277 3532 codicibus
1299 3471 1354 3534 ba-

110 3576 224 3640 bemus.
316 3597 324 3606 ‘
817 3627 819 3635 ,

177 3679 278 3762 Atque
305 3677 352 3739 his
378 3678 449 3738 meis
474 3676 560 3738 libris
588 3695 649 3737 sum
677 3674 761 3738 etiam
791 3675 826 3752 ad
855 3674 1090 3757 orthographiam
1128 3679 1355 3741 constituendam

110 3801 201 3861 usus,
224 3779 275 3844 sed
298 3784 420 3851 modice·
463 3778 527 3866 Qua
549 3780 585 3841 de
607 3799 639 3842 re
661 3779 750 3841 semel
773 3780 863 3841 dicam
886 3778 943 3841 hee
964 3780 1049 3858 loco,
1072 3798 1129 3858 ue,
1152 3781 1178 3841 si
1200 3785 1278 3845 l‘orte
1299 3782 1379 3845 ali?

111 3889 158 3950 cul
182 3904 256 3949 nuno
285 3886 443 3948 vetustatis
470 3903 559 3964 supra
585 3885 694 3946 modurn
722 3887 846 3960 amator,
879 3901 955 3945 nunc
976 3884 1193 3946 consuetudinis
1216 3885 1356 3964 vulgatae

110 3993 224 4054 555155
248 3994 337 4053 tenax
359 3991 442 4051 visus
464 3989 579 4066 luerim,
601 3989 812 4050 lncousiderata
832 3985 905 4049 hacc
924 3988 1016 4048 iulsse
1037 3988 1231 4050 inconstantia
1251 3990 1356 4050 videa-

111 4099 170 4160 tur.
213 4093 309 4172 Igitur
331 4111 386 4156 uun
408 4092 466 4154 hoc
487 4091 554 4153 mibi
584 4091 762 4172 propositum
784 4089 889 4169 habui,
923 4095 953 4153 ut
975 4089 1211 4171 orthographiam
1235 4091 1355 4157 Gelonis

111 4201 202 4263 tutam
224 4199 259 4260 ad
281 4214 404 4259 normam
426 4194 535 4258 saeculi
556 4196 688 4272 Augusti
710 4195 885 4272 dirigerem3
912 4193 1131 4272 multominus,
1165 4204 1195 4259 ut
1217 4197 1252 4257 ad
1275 4216 1353 4272 eam,

111 4321 196 4384 quam
219 4300 322 4366 Catoni
342 4305 412 4363 ante
434 4299 536 4361 oculos
557 4300 667 4375 luisse,
688 4298 739 4361 illa
761 4297 835 4359 baud
857 4297 1111 4379 dubieuliquanto
1133 4299 1353 4378 simpliciorem,

110 4405 266 4488 probabile
288 4408 344 4466 551.
388 4402 455 4466 Nou
478 4403 553 4484 quod
584 4421 687 4480 negem
717 4400 803 4463 multa
829 4420 921 4480 posse
942 4402 980 4463 dc
1000 4403 1117 4482 antiqua
1146 4400 1356 4481 orthographia
1463 4474 1466 4480 ,

111 4510 165 4574 illa
186 4508 376 4591 probabiliter
397 4513 483 4590 atque
506 4504 614 4572 utiliter
640 4505 805 4590 disputari:
835 4504 894 4569 sed
915 4523 999 4589 quum
1031 4505 1135 4569 nultum
1157 4503 1292 4569 haberem
1314 4507 1355 4570 ll-
