2948 4986
309 187 314 197 '
344 191 399 254 nn
420 189 588 256 VlRGIldl
610 191 924 261 brnlvvnridlls
945 191 1049 256 obul
1237 201 1317 273 28?

65 365 112 426 sb
136 364 266 445 Virgilio
289 384 346 429 non
375 365 461 428 mnlto
489 371 558 431 ante
584 364 722 429 Bucolica
748 370 876 446 tempore
905 368 1044 448 potuerit.
1088 365 1199 452 Quodsi
1220 368 1318 436 tnsnnt

67 472 104 532 in
127 468 208 548 cre,
229 488 304 553 qnae
327 488 383 531 non
405 471 479 556 satis
502 470 627 547 iaciunt,
655 474 705 533 aut
726 470 899 551 displicent,
933 471 1030 552 qualis
1051 473 1107 534 trio
1127 474 1248 534 maxime
1265 473 1318 534 'in-

69 577 184 636 venio:
198 573 417 652 longitudinem
439 574 570 651 exordii,
593 575 741 635 doctrinae
763 575 981 636 ostentationem
1004 580 1060 637 tam
1075 577 1104 637 in
1122 575 1318 656 disputatione

70 676 115 739 de
138 677 267 758 Scyllis,
298 676 334 738 de
361 676 579 754 Britomartlde‚
609 696 689 759 quam
718 677 937 758 geographicae
968 679 1136 741 eruditionis
1164 680 1265 760 copies
1287 682 1317 742 in

73 781 202 843 curmine
223 785 370 856 extmmn,
393 780 517 861 deniqne
539 780 671 862 colloquii
695 780 816 860 Scyllae
838 801 900 843 cnm
927 783 1054 858 nutrice,
1082 787 1113 845 ct
1141 783 1318 864 querelarum

73 884 214 965 Scyllae,
242 885 306 946 dnm
328 883 466 959 trabitur,
500 883 707 962 longitudinem
729 890 815 967 etque
836 885 1055 964 abundantlam,
1090 905 1143 966 per
1165 905 1246 968 qoam
1269 887 1316 965 lit,

74 990 206 1052 utactio
228 990 309 1069 ipsa,
337 986 368 1048 b.
390 1006 418 1048 e.
440 989 551 1049 taclnns
574 987 710 1066 Scyllae,
732 989 928 1070 excidiumque
951 988 1114 1067 Megerac,
1136 990 1317 1069 paucissimis

74 1093 263 1171 absolvatur,
285 1098 317 1154 ct
338 1093 420 1175 quasi
441 1092 612 1154 delitescet:
636 1111 670 1152 en
692 1093 766 1153 vitia
786 1112 839 1172 per
861 1112 895 1154 se
917 1094 982 1172 ipsu
1003 1093 1090 1156 multo
1111 1095 1203 1154 minus
1224 1093 1317 1155 offen·

74 1198 169 1259 sionls
191 1195 316 1269 babent,
340 1215 420 1278 quern
438 1198 472 1270 ¹ln
495 1193 616 1272 Getice,
638 1214 694 1277 quc
718 1193 796 1258 Giris
818 1200 893 1259 omni
915 1197 997 1258 modo
1020 1198 1179 1277 perfectior
1200 1200 1248 1259 est
1269 1184 1346 1259 aot-¹

74 1318 133 1384 qne
156 1299 335 1377 elegantior,
364 1303 396 1361 ct
423 1304 642 1378 compensantur
671 1303 756 1381 atque
782 1300 960 1378 obteguntur
987 1301 1159 1363 virtutibus:
1188 1305 1218 1364 ut
1250 1303 1319 1363 sunt

73 1405 196 1482 egregii
218 1403 339 1465 aductus
361 1405 390 1464 in
412 1403 592 1464 sermonibus
615 1401 747 1484 Scyllae.
791 1403 865 1488 Quin
887 1402 944 1465 boc
966 1404 1065 1466 dicere
1086 1405 1192 1466 ausim:
1222 1405 1319 1484 potnit

74 1507 136 1572 tale
165 1525 277 1571 momen
305 1508 404 1569 eodem
431 1508 493 1568 lere
522 1512 648 1587 tempore
679 1507 768 1568 scribi
798 1526 816 1568 a
848 1507 995 1587 Virgilio,
1025 1527 1081 1590 quo
1107 1507 1260 1571 elaborare
1287 1510 1317 1571 in

73 1610 222 1673 Bucolicis
245 1612 361 1690 coepit,
387 1612 413 1671 si
437 1611 547 1692 quidem
577 1608 651 1672 uliud
674 1614 737 1686 est,
768 1611 798 1673 ln
820 1630 931 1688 genere
953 1613 1140 1692 secundario,
1163 1611 1247 1694 quale
1270 1615 1317 1677 est

72 1714 252 1786 bucolicum,
283 1713 451 1790 elaborare,
484 1716 652 1794 praesertim
685 1714 712 1775 sl
739 1715 897 1793 perlectum
931 1719 997 1777 ente
1023 1716 1124 1778 oeulos
1156 1716 1316 1797 exemplum

72 1818 204 1897 bobeas3
226 1818 320 1896 allud,
351 1821 382 1879 et
403 1817 490 1880 multo
512 1820 606 1898 magis
626 1818 766 1880 lubricum
786 1817 1048 1901 periculosumque,
1073 1821 1107 1881 ad
1131 1822 1316 1883 severitatem

72 1928 162 2006 atquc
182 1924 357 2001 gravitatem
380 1923 499 1998 generis
522 1922 597 2000 epici
617 1921 811 1983 adscendere:
836 1926 866 1984 nt
888 1940 944 1982 uon
966 1925 1006 1986 sit
1026 1924 1143 2000 mirum,
1166 1925 1192 1984 sl
1216 1923 1317 1985 eodem

73 2032 205 2108 tenpore
226 2025 353 2087 eumdem
375 2027 403 2086 in
426 2025 474 2086 llio
497 2042 608 2102 genere
630 2026 777 2101 dextrum,
801 2025 933 2098 felicem,
955 2045 1009 2105 pro
1032 2027 1078 2087 sni
1100 2027 1211 2103 ingenii
1232 2027 1316 2088 modo

72 2149 111 2193 ac
131 2148 265 2192 mensura
286 2132 459 2209 perlectum,
482 2133 513 2189 ot
534 2130 563 2189 in
585 2130 669 2208 epico
692 2129 876 2208 titubantem,
898 2131 1011 2209 inopem
1031 2129 1157 2207 consilii,
1180 2131 1316 2192 noterius

72 2252 132 2297 non
153 2250 274 2313 prorsus
295 2251 408 2314 perenn,
438 2231 672 2312 deprehenderis.
717 2233 801 2295 Haec
821 2252 883 2295 enm
912 2235 940 2295 in
974 2234 1054 2296 inem
1083 2233 1251 2312 disputavi,
1284 2237 1316 2296 nt

72 2337 155 2403 cino
177 2338 358 2399 ostenderem
380 2336 493 2419 quondo
521 2345 552 2399 ct
572 2355 590 2397 a
612 2335 688 2418 quali
709 2343 798 2416 poeta
818 2339 953 2417 scriptam
975 2341 1087 2417 putem,
1115 2355 1171 2398 non
1194 2341 1225 2398 ut
1246 2337 1315 2398 vin·

71 2444 166 2506 dicem
188 2441 316 2520 Virgilio
329 2426 436 2524 :quod
459 2441 583 2520 despero
606 2441 669 2502 lieri
691 2459 797 2519 posse,
819 2446 969 2527 postquem
992 2439 1154 2517 ambignum
1176 2459 1245 2502 esse
1266 2460 1316 2503 ar-

70 2551 256 2625 gumentum,
278 2564 334 2628 quo
357 2564 418 2607 eam
440 2546 470 2606 ln
492 2563 549 2606 rem
565 2545 611 2605 diu
631 2543 747 2621 utebar,
766 2545 925 2625 primarium
942 2544 1092 2623 perspexi.
1137 2544 1219 2628 Quae
1240 2548 1315 2608 eninr

73 2655 122 2713 eor
142 2649 180 2712 de
200 2649 275 2711 locis
303 2648 497 2729 versibusque
519 2646 669 2729 quaestio,
697 2665 770 2728 quos
791 2645 895 2709 multos
917 2646 1061 2725 Virgilius
1083 2665 1099 2708 c
1123 2644 1182 2710 Otrt
1204 2650 1315 2729 repeti·

73 2758 122 2817 tos
155 2753 310 2817 maioribus
337 2752 473 2831 operibns
503 2753 564 2813 suls
598 2751 734 2829 inseruit,
768 2750 908 2814 collectos
935 2750 1001 2812 illos
1030 2751 1067 2813 ab
1094 2750 1120 2812 1.
1151 2751 1315 2816 Schradero

74 2857 224 2921 Emendat.
247 2874 312 2936 cap.
335 2856 388 2918 111.
412 2875 442 2935 p.
465 2863 517 2917 33.
541 2873 623 2936 seqq.
646 2855 783 2917 laudabili
807 2854 926 2917 consilio
948 2873 985 2918 ac
1007 2855 1176 2934 diligentia:
1200 2858 1256 2919 etsi
1277 2857 1314 2919 ad

74 2978 135 3024 eam
158 2962 353 3043 quaestionem
382 2958 591 3039 simplicissima
609 2942 691 3019 'haud
720 2959 807 3020 dubie
830 2963 861 3021 et
874 2961 1001 3023 -maxlmc
1022 2978 1075 3040 per
1096 2977 1132 3021 se
1153 2961 1315 3040 probabilis

75 3065 228 3144 responsio
251 3065 322 3142 erit,
344 3065 371 3127 sl
393 3081 454 3124 cum
470 3063 636 3124 Sobrodero
657 3082 737 3130 suum
760 3065 852 3142 ipsius
874 3081 987 3126 carmen
1009 3065 1050 3125 ito
1071 3063 1218 3144 spoliasse
1239 3064 1315 3127 Vir-

74 3168 173 3249 glllun
205 3171 333 3230 suiuus:
366 3171 460 3230 tomen
488 3165 544 3227 olla
574 3185 666 3248 eaque
699 3168 841 3228 contraria
874 3150 1095 3246 tltt'responsio
1125 3185 1182 3228 non
1218 3168 1313 3231 deest.

74 3268 151 3334 lllra
171 3290 220 3333 res
241 3276 302 3343 est,
325 3272 377 3333 sed
402 3276 492 3333 mmen
516 3270 659 3331 credenda
681 3270 792 3332 idoneis
816 3271 957 3349 testibus,
985 3289 1042 3331 non
1064 3269 1155 3330 solum
1177 3273 1313 3354 entique-

71 3392 148 3444 rurn,
171 3382 204 3437 ut
232 3372 334 3451 llonli,
364 3375 438 3456 quod
462 3374 552 3435 rrrlnns
575 3375 671 3442 mirum
693 3376 785 3450 foret,
815 3373 867 3433 sed
890 3374 974 3434 etlam
995 3374 1184 3434 recentiorum
1206 3377 1313 3453 poeta-

69 3495 147 3556 rum,
170 3479 199 3540 id
228 3484 275 3540 est
303 3498 413 3553 eorum,
440 3479 488 3560 qni
519 3476 575 3556 ipsi
605 3477 747 3554 proximi,
774 3474 872 3553 Varii,
900 3475 992 3554 Galli,
1019 3474 1177 3552 Varronis,
1206 3495 1311 3539 versus

65 3581 223 3645 nonnullos
244 3601 316 3643 snos
338 3584 461 3653 secisse,
490 3581 718 3660 carminibusque
739 3579 900 3640 inseruisse
921 3581 983 3641 suls
1004 3578 1171 3655 Virgilium.
1216 3577 1262 3643 Gi.
1285 3578 1312 3640 1.

62 3681 106 3749 il.
134 3685 261 3748 Vossius
284 3687 319 3747 ad
348 3687 435 3763 Vlrg.
466 3683 528 3746 lici.
552 3682 605 3746 Vl.
630 3684 680 3743 id.
704 3701 785 3764 seqq.
810 3702 840 3761 p.
864 3688 937 3746 328.
961 3701 1043 3764 seqq.
1070 3681 1192 3764 aliisque
1221 3683 1312 3763 locis,

60 3796 98 3854 11
121 3791 197 3852 ibid.
220 3812 251 3851 v.
275 3795 326 3853 81.
350 3789 413 3852 licl.
436 3788 518 3851 Vlll.
544 3793 595 3850 oe.
619 3793 671 3848 60.
696 3788 746 3848 81.
772 3793 823 3848 88.
845 3787 886 3848 X.
910 3791 962 3849 to.
984 3806 1049 3870 sqq.
1074 3789 1104 3848 et
1124 3804 1198 3867 quoe
1222 3804 1313 3867 nuper

61 3891 177 3957 Frane.
201 3894 381 3964 Wbllnerus.
415 3894 452 3953 de
484 3890 617 3953 Varrone
647 3890 773 3952 Atacino
795 3910 825 3969 p.
852 3895 1028 3953 186134.
1072 3889 1260 3952 Imitationem
1282 3893 1312 3953 in

60 3997 133 4064 (liri
155 3996 262 4061 Catulli
285 4015 353 4059 esse
375 3999 429 4058 iem
450 3997 626 4059 observavit
647 3994 800 4075 Scellgcrq
824 3996 862 4057 cl.
880 3994 1197 4059 Sclrrader.llmendot.
1214 4015 1244 4075 p.
1258 4004 1310 4058 33.

57 4111 96 4168 et
120 4106 176 4164 oc.
214 4099 326 4165 Catulli
348 4101 446 4162 versui
473 4099 562 4176 Eleg.
584 4098 620 4159 ad
642 4097 734 4163 Mani.
760 4101 808 4162 li.
831 4119 890 4162 non
910 4108 961 4163 est
982 4100 1043 4163 dec
1064 4102 1173 4163 nescia
1195 4103 1310 4173 nostri,

59 4209 160 4302 Quae
187 4206 302 4269 dulcem
329 4207 415 4268 curio
446 4207 552 4266 miscet
578 4208 764 4279 emerium,
798 4201 889 4265 locum
921 4205 951 4265 in
980 4204 1043 4268 Cirl
1072 4207 1145 4265 2⁴2.
1174 4224 1234 4266 noo
1261 4214 1311 4267 cot
1354 4262 1357 4267 .

56 4312 257 4377 Amtdueiu
284 4311 383 4373 nostri
414 4309 488 4370 Tam
509 4308 617 4385 rudis,
644 4308 772 4369 admovit
797 4306 947 4370 Heinsius.
998 4307 1141 4371 Unitutlus
1170 4314 1232 4383 est,
1262 4307 1310 4369 ln·
1372 4390 1376 4397 Ι

58 4430 159 4482 verse
180 4414 280 4493 modo,
308 4430 366 4475 noo
394 4415 426 4474 nt
447 4412 547 4473 Venus
569 4412 657 4475 redis
680 4412 745 4472 sive
766 4416 874 4474 nescia
899 4410 1021 4476 alieuius
1050 4412 1175 4489 dicatur,
1204 4410 1256 4472 sed
1277 4410 1311 4473 nt
1334 4462 1337 4467 .
1398 4468 1404 4481 ,

58 4525 114 4588 vir
137 4521 255 4585 tu‘veuls
275 4517 326 4584 vel
349 4515 449 4601 pvelle
478 4516 585 4582 redis:
619 4517 652 4581 ut
671 4514 806 4597 Propert.
828 4514 882 4580 111.
905 4538 984 4581 xvn.
1006 4521 1040 4579 i.
1082 4513 1189 4579 Verum
1215 4530 1310 4598 neque
