2946 4988
430 179 474 242 nv
495 176 664 278 vnuuan
686 177 866 253 onuonrs
887 179 1025 245 ornus.
1299 187 1350 255 nr

103 342 276 436 cipienrlum·
305 373 374 418 esse
409 354 548 418 Catonem
578 353 742 431 docuimus,
775 353 813 416 ‹le
843 354 1013 433 arboribus,
1050 353 1138 435 plane
1166 371 1224 417 uon
1257 354 1351 433 potuit

103 481 200 540 reque
231 459 301 521 dici.
350 461 393 522 nt
421 457 633 520 observandum
661 459 725 534 est,
752 457 839 538 liqna
865 458 921 519 dici
952 459 1083 523 arbores.
1132 457 1286 520 Horatius:
1320 468 1351 525 te

103 568 197 627 triam
223 563 350 643 lignum,
379 574 411 625 te
436 562 584 625 caducum
610 565 667 622 eto.
715 560 843 623 Lucilius
867 560 921 622 lib.
942 561 1073 625 xxvll.
1095 563 1279 640 lragmffln.
1302 579 1350 640 ap.

103 667 230 729 Nonium
252 686 282 747 p.
307 670 365 744 74,
388 672 441 727 20.
485 666 617 742 Arrium,
639 666 849 743 miserrimum,
877 676 970 750 etque
997 667 1109 747 infelix
1135 666 1244 744 lignum
1266 679 1352 728 aem·

105 771 214 834 bacam
235 779 357 833 coeant.
404 769 460 830 uisi
481 769 522 830 ibi
545 769 584 830 sit
605 769 717 849 liquem
737 770 844 829 usitata
866 768 1096 848 significatione,
1117 771 1146 831 in
1169 789 1226 852 quo
1248 769 1352 831 elabo-

104 879 150 936 ret
173 874 276 952 saber,
298 873 347 934 vel
369 874 461 952 ipsum
483 871 558 954 quod
581 891 598 933 e
620 870 701 947 ligno
722 873 825 933 lactum
848 891 937 952 opus:
960 876 992 935 ut
1013 872 1088 953 apud
1107 872 1272 937 Petronium
1287 890 1352 952 cap.

104 1001 195 1039 curu.
219 997 251 1039 v.
274 982 326 1040 30.
348 976 427 1039 mele
448 975 547 1039 nobile
569 976 697 1056 liquam,
719 975 757 1037 le
778 993 876 1037 mensa
897 976 997 1038 citrea.

171 1082 211 1144 V.
236 1088 288 1149 31.
322 1081 518 1165 Nequiquam
540 1077 655 1140 Tbuan.
676 1096 724 1157 ap.
747 1077 871 1141 Lasseu.
895 1081 1025 1157 August.
1048 1077 1259 1146 maurelli.
1288 1077 1353 1161 Quo

104 1185 258 1257 modoboc
269 1184 387 1270 verbum
400 1201 490 1263 saepe
502 1183 592 1244 scribi
603 1183 632 1242 in
644 1181 727 1243 libris
743 1182 868 1244 vetustis
885 1184 971 1245 testis
987 1186 1033 1245 est
1044 1181 1175 1245 Gilanius
1187 1183 1214 1242 in
1228 1180 1352 1245 collect.

105 1290 224 1353 Lueret-
257 1288 326 1355 Nee
349 1293 510 1372 quiequam
532 1285 596 1348 eod.
613 1283 703 1347 Rasil.
726 1289 757 1346 et
779 1284 854 1346 bunc
870 1286 996 1363 modum,
1019 1286 1068 1348 vel
1088 1288 1157 1350 Nee
1174 1286 1353 1371 quidquam,

106 1395 134 1455 iu
158 1391 295 1454 Lucretio
317 1391 424 1470 probat
446 1389 663 1452 Wakefieldlus,
676 1388 710 1451 ad
734 1388 773 1451 11.
799 1390 892 1449 illi.
936 1389 1016 1452 Sane
1043 1390 1086 1451 sio
1116 1391 1247 1469 proxime
1268 1407 1353 1451 aece-

106 1497 183 1558 ditur
206 1493 243 1556 ad
266 1495 408 1570 originem
430 1493 532 1555 verbi:
556 1495 595 1554 ct'.
618 1491 748 1555 Gronov.
770 1494 805 1553 al
821 1492 887 1553 Liv.
910 1492 930 1554 l.
955 1493 974 1554 l.
1019 1493 1135 1556 Deinde
1154 1498 1259 1575 potine
1279 1492 1354 1557 Sca·

106 1600 183 1683 liger
205 1599 358 1659 revocavit
380 1598 557 1675 rectissime,
579 1600 611 1658 ut
633 1597 730 1659 estin
752 1598 826 1657 onrnl
847 1597 922 1665 libro
939 1599 1065 1677 scripto,
1088 1601 1118 1659 ε1
1140 1598 1168 1658 in
1191 1598 1277 1661 editis
1298 1614 1353 1658 an·
1410 1652 1413 1659 .

107 1701 280 1784 tiqnioribus
302 1700 449 1775 omuibus,
472 1700 539 1761 iude
560 1718 578 1759 a
599 1700 754 1762 Romanis:
777 1701 833 1761 uisi
855 1701 930 1782 quod
951 1705 1036 1782 potia
1058 1702 1088 1762 in
1109 1699 1222 1763 Tbuau.
1243 1707 1352 1785 pooiet

107 1807 134 1867 iu
161 1806 295 1881 August
326 1809 357 1866 ε1
379 1803 462 1865 Vrat.
485 1803 526 1865 11.
605 1807 697 1867 eolice
719 1804 748 1865 in
771 1806 889 1882 paucis,
918 1808 948 1867 ε1
972 1805 1198 1882 recentioribus,
1229 1811 1260 1867 et
1280 1823 1353 1886 qua-

107 1928 166 1971 rum
189 1908 347 1969 ammonitas
369 1907 516 1985 nullaqut
538 1908 626 1987 Virg.
649 1906 737 1986 Alli,
759 1907 849 1970 Taur.
875 1911 967 1970 1518.
990 1909 1061 1970 llas.
1083 1908 1123 1969 Η.
1139 1908 1175 1971 P.
1189 1914 1282 1970 1661.
1306 1912 1354 1969 at-

107 2031 163 2095 que
197 2011 266 2073 inde
296 2011 325 2071 in
355 2010 571 2089 Scaligeranis‚
605 2009 740 2091 Pithoei,
772 2011 811 2073 al.
840 2012 996 2074 Praeterea
1023 2017 1116 2075 toties
1146 2029 1236 2073 sensu
1265 2016 1353 2074 caret.

107 2115 236 2197 Quaeret
257 2116 385 2176 fortasse
407 2114 525 2194 aliquis,
549 2134 600 2175 eur
620 2113 753 2192 libellis,
775 2133 856 2196 quum
879 2114 935 2176 boc
953 2115 1071 2194 priunum
1089 2116 1190 2179 libello
1208 2116 1355 2178 devoveat

107 2217 222 2280 silvanr.
258 2219 361 2298 Neque
384 2219 457 2278 enim
476 2217 627 2296 probabile
650 2221 712 2296 est,
734 2218 860 2303 eamdem
881 2237 940 2280 rem
961 2219 1016 2280 iam
1038 2219 1142 2283 dietam
1163 2220 1194 2281 in
1215 2219 1354 2296 Indigna-

108 2324 186 2385 tione
209 2323 313 2383 luisse.
350 2320 471 2393 Scilicet
493 2320 549 2383 boc
572 2321 770 2399 explicandum
792 2340 810 2385 e
831 2340 920 2384 versu
941 2324 1056 2400 gemino
1080 2329 1132 2384 26.
1161 2322 1254 2384 Vides
1272 2341 1354 2404 quam

106 2429 243 2489 accurate
266 2423 339 2487 baec
361 2426 417 2486 sibi
439 2425 649 2503 respondeant:

455 2531 576 2591 mullum
597 2531 719 2592 metria
738 2539 865 2592 comata
887 2530 1001 2595 libellia

454 2639 571 2695 nostrie
589 2638 694 2714 potius
718 2634 829 2696 devota
851 2633 976 2696 libellis.

106 2737 185 2823 tluot
207 2735 274 2796 olim
300 2735 472 2797 carminibus
496 2734 696 2798 celebraverat
717 2736 836 2815 silvanr,
860 2737 976 2799 totidem
994 2756 1029 2799 se
1050 2753 1125 2798 nunc
1141 2739 1355 2800 exsecratorem

106 2858 175 2902 esse
200 2839 325 2900 eamdem
347 2841 477 2901 minatur.

172 2945 282 3006 ἀειιωε
304 2943 383 3005 ltlou.
407 2942 495 3004 111.
519 2943 602 3004 Vrat.
625 2942 650 3004 1.
673 2944 783 3005 deuota
807 2944 882 3007 Ven.
906 2944 983 3007 liub.
1049 2945 1125 3026 Ipee
1146 2944 1242 3007 eadee
1270 2946 1355 3005 teue-

106 3048 157 3110 bat
184 3048 340 3124 Heinsius,
370 3047 407 3108 ule
435 3066 488 3108 suo
510 3047 631 3108 Battaro
659 3046 733 3107 colle
764 3049 907 3124 cogitans.
952 3048 1010 3110 Vel
1039 3049 1100 3124 sie,
1128 3065 1145 3109 ε
1172 3048 1354 3110 coniectura:

112 3151 199 3216 Villo
221 3150 328 3212 eadee.
363 3150 483 3227 deinde,
505 3155 536 3213 ut
558 3151 640 3227 dixi,
657 3169 753 3230 repca
776 3152 913 3225 coniecit,
945 3154 984 3213 eir
1005 3153 1092 3229 Virg.
1116 3151 1180 3213 liol.
1203 3150 1226 3213 1.
1252 3152 1301 3213 io.
1325 3154 1356 3213 et

106 3276 138 3316 v.
164 3259 217 3318 64.
248 3257 339 3316 toties
366 3254 479 3332 probat.
538 3255 618 3337 Ipea
645 3254 745 3316 caeos
768 3253 864 3315 laudat
890 3256 1068 3317 Burmannus
1096 3256 1125 3315 in
1148 3253 1236 3318 0vld.
1258 3254 1354 3334 lipist.

108 3357 194 3423 xv1.
218 3362 271 3418 86.
1160 3390 1163 3395 ·

212 3566 251 3626 V·
275 3569 326 3625 35.
351 3570 381 3625 6.
415 3578 562 3633 lGNlBUS
581 3577 782 3631 1111111118
801 3577 1019 3632 1111111111.
1037 3577 1203 3633 1111111111
1220 3582 1274 3632 etc.

174 3669 317 3751 luppiter
337 3671 417 3731 bane
440 3664 531 3749 aluit]
556 3667 654 3746 bego,
678 3669 817 3751 luppiter
831 3670 912 3731 lane
928 3670 1014 3732 alito.
1042 3667 1188 3731 lusultaus
1203 3669 1232 3729 iu
1248 3668 1356 3747 ‹lespe-

113 3775 222 3835 ratione
244 3771 301 3833 boe
324 3773 404 3834 dicit.
439 3773 545 3833 Eadem
567 3772 679 3849 ligura:
703 3773 810 3835 Insere
831 3793 910 3836 nano
924 3772 1075 3837 Meliboee
1094 3775 1192 3854 piros.
1216 3774 1356 3830 801110.

115 3875 250 3937 Graviter
272 3874 338 3935 olim
362 3894 466 3936 versus
488 3879 542 3937 35.
564 3874 716 3938 laborabat
739 3876 933 3957 distinetione.
978 3874 1078 3938 Veluti
1101 3877 1130 3937 iu
1151 3874 1303 3951 Romanis,
1326 3875 1357 3935 et

116 3977 236 4041 Venetis
259 3980 464 4059 antiquissimis
487 3980 596 4057 tribus,
619 3984 752 4057 punctum
773 3983 842 4058 post
862 3979 994 4058 libellie‚
1016 3997 1116 4040 rursus
1134 3981 1265 4058 punctum
1289 3980 1357 4056 post

116 4085 198 4162 ipse.
244 4088 313 4162 post
334 4083 480 4164 sluqrabit
501 4082 692 4161 interpunctio
715 4082 802 4144 nulla.
848 4084 945 4163 Atque
967 4083 1003 4144 ad
1031 4082 1106 4145 bunc
1133 4081 1242 4144 moduni
1265 4083 1357 4143 inler-

117 4191 243 4263 pretatur
265 4186 385 4247 Badius.
430 4183 573 4249 Correola
603 4185 749 4249 distinctio
778 4185 961 4264 inutilium,
983 4185 1173 4249 etaGloss.
1197 4185 1235 4245 V.
1259 4185 1282 4246 l.
1308 4182 1356 4263 qui

118 4295 181 4366 poso
203 4289 318 4353 obelon
341 4288 441 4369 colon,
462 4294 531 4369 post
545 4288 716 4370 fleqrabie,
739 4307 802 4353 nam
823 4290 863 4353 ita
882 4289 1012 4354 emendat
1030 4289 1095 4370 ille,
1117 4295 1267 4370 punctum3
1289 4290 1358 4366 post

120 4395 183 4474 ipae
205 4393 291 4455 colon
311 4394 391 4455 fecit.

178 4499 276 4563 Recte
297 4498 409 4561 omniuo
432 4496 568 4576 Scaliger
590 4516 671 4580 quen
692 4497 729 4561 al
750 4518 782 4562 v.
806 4503 858 4562 33.
887 4497 1063 4579 audivimus,
1092 4497 1238 4579 [inprobat
1265 4511 1355 4557 revo-

1098 4605 1197 4702 51Ι
