2948 4986
105 186 182 256 148
407 230 413 237 .
530 176 931 249 Animlovuttsloacs
1035 206 1038 213 ·

106 357 170 415 rari
194 326 367 415 monuimus}
396 353 478 415 Brix.
501 351 721 422 decessione,
745 358 805 414 etc.
880 351 988 414 mellea
1011 367 1074 410 var.
1100 347 1357 430 1551555115-

108 459 236 533 noldum,
260 456 465 519 5555155515.
507 466 621 538 prutra
644 454 773 533 August.

171 666 212 727 V.
237 668 288 725 17.
311 661 414 742 (155.)
446 677 491 729 nu
510 674 631 729 555151
650 674 805 738 romnus,
829 632 1020 741 5115115515
1043 672 1216 728 sunnonis
1237 676 1351 730 urnuu.

108 765 374 830 515551511555.
397 768 524 827 testante
546 765 693 844 lassam,
723 765 956 826 5111555511.
999 765 1077 846 finnt
1100 764 1209 827 Medio.
1243 770 1273 828 et
1295 767 1351 831 ee-

109 879 170 933 tav.
213 871 292 953 finnt
314 888 375 931 cum
397 887 485 948 supra
507 868 617 945 scripto
640 889 658 929 5
678 866 792 928 Thoan.
816 871 941 928 testante
963 866 1085 929 Vorslo.

172 1078 212 1141 V.
228 1081 279 1140 18.
297 1072 401 1154 (121.)
438 1086 658 1141 5555115115
676 1086 767 1140 arvi:
786 1085 976 1140 55551555
994 1086 1150 1161 cunarum
1168 1087 1344 1144 11515111

177 1179 357 1243 1155151551
378 1173 453 1260 rivi]
476 1178 577 1254 luogo:

329 1281 507 1344 1155151551
529 1283 591 1343 rivi
613 1279 728 1342 1515511
749 1300 871 1341 comere
892 1279 985 1359 linfa.
1030 1294 1172 1350 scapio,

110 1392 224 1451 currite
239 1372 489 1448 Montanorum.
504 1383 615 1463 melque
631 1384 731 1463 scripti
749 1387 803 1444 tam
821 1385 929 1445 vetusti
948 1402 1028 1466 quam
1045 1388 1226 1448 recentiores
1240 1406 1342 1466 omncs,

110 1496 195 1553 etiam
216 1491 383 1554 Vossianus
406 1486 561 1558 Ldlscrtc
584 1491 710 1546 testante
733 1485 860 1563 Vossio;
881 1488 946 1547 item
969 1487 1060 1547 omnis
1079 1487 1153 1550 liber
1172 1491 1270 1552 editos
1286 1496 1342 1554 ante

112 1595 246 1670 Aldinas.
291 1592 329 1653 lit
351 1592 481 1670 prolecto
504 1588 662 1666 singularis
686 1588 758 1650 haec
780 1594 827 1651 551
849 1590 1019 1662 1515151155,
1046 1597 1101 1652 tam
1124 1594 1232 1656 bonnm
1253 1595 1342 1656 dictum

112 1699 243 1778 potuisse
274 1697 379 1758 cedere
400 1692 499 1773 alteri,
528 1692 614 1754 multo
642 1692 793 1771 deteriori,
822 1713 961 1769 currere,
992 1713 1088 1776 neque
1116 1700 1295 1760 recentiores
1313 1697 1342 1759 ad

112 1804 216 1864 bouum
239 1800 388 1879 pristinum
410 1798 523 1859 redisse
553 1797 680 1858 criticos.
725 1795 846 1863 Verum,
861 1817 983 1860 currere
1012 1799 1095 1860 etiam
1118 1798 1276 1878 Scaligoro
1299 1803 1343 1863 15

112 1906 226 1985 posuit,
254 1905 302 1986 qui
324 1906 415 1964 tamen
438 1901 507 1962 alibi
535 1903 565 1962 in
586 1897 754 1961 'iudicandis
781 1902 833 1979 115,
864 1919 936 1982 quae
964 1921 1002 1963 ex
1026 1901 1145 1989 Aldlois
1173 1908 1343 1983 provenere,

114 2007 263 2089 usquead
286 2007 460 2088 iniquitatem
483 2022 615 2066 severus.
629 2009 686 2066 est.
730 2002 869 2066 caussam
897 1997 995 2066 autem
1018 2007 1214 2084 corruptionis
1243 2010 1344 2088 prlman

114 2113 217 2173 videor
244 2110 311 2171 milri
339 2112 498 2171 monstraro
526 2126 629 2187 posse.
673 2109 795 2171 Scilicet
822 2126 904 2190 quum
931 2110 997 2168 aute
1025 2107 1164 2171 ludentes
1195 2112 1344 2186 Romanae,

115 2217 230 2277 Veneta
251 2212 361 2275 Achat.
390 2214 521 2278 511555.
550 2229 612 2273 oum
639 2213 705 2274 cod.
727 2214 799 2275 Bas.
827 2216 857 2272 et
884 2210 1009 2272 Vratisl.
1032 2212 1070 2273 ll.
1100 2218 1130 2274 et
1156 2212 1345 2276 Asceusianac

115 2319 241 2380 Floreat.
265 2320 340 2378 lunt.
364 2334 412 2395 ap.
426 2316 522 2376 Burm.
545 2320 624 2376 recte
641 2314 820 2393 distinguant
836 2314 915 2384 colo.
939 2315 988 2375 vel
1005 2321 1130 2394 puncto:
1148 2318 1266 2380 Veneta
1279 2320 1344 2382 1151.
1374 2388 1377 2393 ⁴

116 2422 286 2496 vicentina,
316 2438 378 2482 cum
400 2420 492 2481 Voss.
516 2418 559 2480 11.
581 2418 657 2480 Veo.
682 2422 776 2482 1482.
799 2419 882 2485 Brlx.
908 2408 1113 2496 14855155,
1144 2424 1276 2484 omittunt
1296 2442 1344 2484 can

115 2526 335 2595 distinctionem.
380 2523 496 2605 Quare
520 2541 602 2603 quum
624 2521 766 2583 obscurus
788 2524 883 2583 lactus
906 2528 992 2583 esset
1009 2540 1115 2583 sensus
1136 2524 1210 2604 loci,
1233 2526 1345 2589 Aldimc

115 2627 285 2690 intulerunt:
323 2626 503 2690 andaduot
524 2629 588 2689 rivi
609 2626 746 2688 15155155
775 2643 890 2686 currere
912 2626 1068 2709 lymphae:
1098 2628 1173 2710 quod
1202 2637 1346 2711 sequuntur

115 2731 208 2794 Basil.
234 2734 326 2792 1543.
348 2729 480 2792 Venetae
505 2733 598 2791 1544.
626 2733 715 2790 1558.
738 2726 833 2806 Lngd.
856 2731 887 2790 51
907 2730 1003 2790 Actu.
1028 2733 1120 2791 1555.
1145 2731 1239 2794 Β5511.
1262 2733 1298 2795 Η.
1319 2733 1344 2794 P.

119 2839 212 2895 1561.
243 2832 469 2910 8551555555,
492 2831 651 2904 Pithoeus,
682 2830 779 2892 Boxh.
801 2833 895 2893 Burm.
919 2832 1057 2895 Wernsd.
1081 2833 1202 2896 Putsch.
1247 2835 1345 2919 Quanto

117 2935 217 3009 melius
240 2938 396 3017 antiquum:
435 2935 613 2997 Tardaduat
641 2938 718 2995 rivi:
752 2936 889 2998 labentes
919 2939 1024 2998 currite
1054 2937 1217 3019 lymphae:
1246 2940 1275 3000 ln
1301 2955 1346 3020 qur

117 3041 285 3104 tardatum
313 3042 360 3101 551
386 3038 505 3100 verbum
533 3043 660 3100 neutrum
668 3026 682 3117 ,’
708 3040 774 3100 sive
804 3039 938 3102 11551515
968 3039 1083 3101 dictum.
1129 3040 1167 3102 Ut
1197 3043 1346 3122 accipielut

119 3145 245 3205 Badius:
273 3147 336 3205 rivi
357 3143 525 3205 tardabunt
546 3163 615 3224 sup.
640 3164 685 3205 55.
730 3144 812 3227 Quod
841 3146 867 3204 si
889 3145 952 3224 quis
976 3163 1036 3205 eam
1066 3144 1095 3205 15
1125 3164 1185 3207 rem
1215 3146 1347 3208 desideret

118 3248 266 3328 exempla,
289 3246 357 3308 milri
378 3247 484 3308 sufficit
506 3245 650 3323 Virgilius
672 3247 750 3308 Aeo.
766 3248 806 3310 X.
831 3252 904 3311 851.
929 3268 1107 3332 quamquam
1129 3254 1181 3310 vis
1205 3249 1271 3313 atto
1290 3248 1346 3312 vol·

118 3374 189 3416 nere
209 3353 338 3415 tardat:
367 3367 427 3411 cum
450 3349 645 3429 disputatione
673 3349 711 3411 N.
735 3351 848 3412 Heinsii
875 3351 911 3411 ad
935 3351 1013 3412 Aen.
1036 3353 1077 3413 ll.
1101 3357 1176 3414 208.
1208 3360 1239 3416 ct
1262 3350 1346 3414 Vossll

119 3457 154 3518 de
177 3456 324 3534 Analogia
348 3455 405 3516 lll.
429 3477 473 3515 ιιι.
518 3454 587 3514 Scio
610 3455 718 3516 turbari
741 3456 768 3515 ln
792 3455 840 3516 illo
861 3453 981 3535 Virgilii
1003 3454 1086 3532 loco,
1116 3456 1169 3516 sed
1194 3476 1293 3519 verum
1312 3459 1346 3516 est

119 3559 195 3621 haud
226 3560 328 3634 dubie,
362 3558 437 3640 quod
460 3556 583 3636 protuli,
612 3561 642 3620 et
669 3557 868 3636 explicandum
896 3561 952 3635 ita,
983 3562 1013 3619 ut
1035 3559 1108 3636 l'eci,
1140 3564 1172 3620 ut
1193 3561 1302 3622 tardat
1317 3559 1346 3618 rit

120 3665 266 3740 neutrum3
295 3662 401 3725 tardet
419 3659 535 3722 Veneta
562 3664 592 3723 et
613 3659 844 3730 Mediolanensis
865 3662 1032 3740 Maittairil‚
1063 3665 1094 3724 51
1123 3664 1200 3742 apud
1226 3663 1346 3727 155111

121 3766 258 3844 11555515;
287 3767 395 3828 tardat
421 3762 536 3825 Veneta
564 3763 671 3826 Ruhei.
719 3764 834 3826 Deinde
861 3769 965 3845 pocta,
999 3768 1082 3827 utens
1109 3766 1290 3847 apostrophe
1311 3763 1346 3828 lllr

122 3887 191 3945 sua,
220 3867 318 3929 51115
340 3868 451 3950 quidem
474 3871 557 3929 utens
584 3866 769 3947 felicissirne,
799 3869 1014 3931 admonitionem
1044 3870 1124 3931 addit
1152 3869 1189 3930 ad
1213 3868 1345 3952 lympha,

122 3989 158 4033 nc
180 3971 331 4049 strepitum
352 3972 479 4033 saciant:
509 3971 647 4034 ludentes
675 3978 788 4036 currite
816 3973 965 4056 lymphae.
1004 3974 1052 4035 ulrl
1081 3972 1222 4037 15155155
1250 3969 1346 4038 carrd

124 4075 226 4137 dictum
250 4077 311 4152 551,
339 4073 377 4136 de
396 4077 473 4136 motu
495 4073 664 4156 tranquillo,
694 4075 921 4156 155155555111,
952 4078 1000 4160 qni
1027 4094 1083 4138 nou
1104 4079 1268 4158 percipitur
1285 4075 1345 4141 ard·

123 4178 190 4240 155.
235 4175 432 4238 1115551555
459 4176 588 4254 Argcnt.
615 4182 706 4239 1502.
737 4179 881 4257 Virgilius
913 4179 1000 4260 Aldi,
1028 4179 1117 4242 Taur.
1143 4152 1238 4249 108.
1269 4176 1345 4258 ingl.

129 4285 220 4343 15111.
242 4282 311 4358 post
331 4279 470 4342 15155155
493 4281 702 4360 iuterpuuguut
724 4281 807 4363 colo,
829 4282 878 4345 vcl
901 4287 1054 4362 commate,
1077 4284 1135 4346 ita:
1170 4285 1207 4348 Τ.
1230 4288 1292 4350 rior·
1308 4284 1346 4346 lc·

126 4385 246 4460 dentes,
269 4387 384 4446 currite
405 4383 427 4443 l.

141 4490 157 4495 ’”
189 4491 265 4551 uiri:
288 4487 366 4550 Ven.
389 4484 497 4549 donat
541 4487 656 4570 typheo
675 4486 788 4550 Thoan.
813 4489 940 4553 testante
962 4490 1096 4554 Vosslor
1129 4491 1253 4576 lympha
1270 4488 1349 4556 ent
