2946 4988
195 1019 319 1110 ‚DE
364 1020 741 1112 virtulum
788 1010 1158 1111 LIBELLO

270 1356 272 1361 ι
343 1253 775 1389 'wunnerus
822 1223 1020 1389 uuor.

10 1910 43 1935 s
62 1889 237 1990 Virgilium
258 1915 374 1993 praeter
389 1912 446 1976 tria
461 1931 550 1993 opera
570 1914 689 1989 maiora,
710 1911 864 1992 Bucolica,
888 1910 1248 1993 Georgica,·Aeneldem,
1272 1918 1302 1979 et

63 2017 185 2080 maxime
196 2021 263 2079 rute
275 2035 310 2079 es
326 2034 430 2096 opera,
443 2017 499 2078 alia
513 2017 685 2097 scripsisse,
701 2017 827 2096 minora,
845 2019 900 2080 tran
911 2035 964 2098 per
981 2036 1015 2079 se
1029 2004 1181 2097 probabile
1196 2022 1259 2097 est,
1271 2022 1304 2081 ut
1439 2075 1444 2087 .

63 2120 133 2183 nibil
156 2121 203 2197 ei,
233 2120 281 2202 qui
300 2121 340 2183 tta
356 2121 460 2184 tamum
480 2139 548 2183 esse
569 2119 765 2198 contenderit,
789 2121 846 2182 sed
869 2123 1037 2184 eontrarium
1057 2122 1173 2204 et,‚qui
1197 2124 1301 2185 luctum

10 2210 132 2307 'Nesse
146 2229 251 2302 neget,
264 2224 437 2304 probandum
456 2226 505 2288 sit.
548 2224 665 2301 bingis,
682 2241 737 2285 nou
754 2224 844 2286 dicam
858 2225 972 2301 mirum,
986 2224 1039 2286 sed
1055 2225 1299 2305 inexspectatum,

60 2347 154 2411 eoque
168 2330 262 2405 magis
278 2326 398 2407 laetum,
418 2329 510 2390 videri
532 2327 635 2402 debet,
653 2326 728 2409 quod
747 2326 795 2388 illa
813 2327 948 2390 iuvenilis
965 2330 1181 2391 exercitationis
1200 2329 1301 2409 specl-

55 2433 134 2494 mina
149 2430 199 2493 rel
213 2431 338 2494 ludentis
354 2449 407 2511 per
418 2432 505 2494 otium
514 2430 629 2511 ¹ingenii
643 2424 740 2491 subita
755 2431 873 2493 iuventa
887 2435 1061 2494 conseruata
1077 2436 1144 2513 sunt
1155 2450 1195 2499 cx
1207 2436 1301 2512 parte,

55 2538 231 2615 tempusque
246 2535 379 2597 viderunt
396 2515 536 2597 nostrum.¹
576 2532 609 2595 ln
627 2532 773 2614 plerisque
791 2535 982 2614 scriptoribus
994 2553 1111 2615 operum
1124 2539 1231 2597 matura
1247 2552 1301 2597 aea

52 2643 121 2702 tate
138 2637 295 2720 diiigenter
315 2637 523 2700 elaboratorum
538 2622 731 2718 praestantia,
755 2643 785 2699 et
801 2636 876 2716 apud
893 2639 1025 2719 antiquos
1040 2637 1150 2699 iudices
1164 2637 1300 2700 aestima-

53 2745 116 2820 tio,
131 2744 160 2804 in
177 2743 284 2808 ruinam
298 2743 387 2804 traxit
403 2740 556 2821 iuvenilia,
570 2741 661 2802 minus
677 2740 824 2819 perlecta,
845 2758 884 2802 ex
897 2722 1025 2821 tempore
1039 2742 1114 2802 iuna.
1146 2738 1305 2818 Virgilium

52 2845 135 2929 quod
149 2848 268 2922 attinet,
288 2845 364 2906 inter
382 2845 506 2906 cannino
522 2846 646 2920 minora,
666 2862 739 2926 quae
753 2844 914 2906 tribuuntur
928 2833 1078 2921 Virgilio,
1101 2862 1182 2905 unum
1203 2847 1233 2906 et
1255 2826 1300 2904 al'-

53 2955 151 3012 terum
166 2954 222 3010 mm
237 2948 315 3010 boun
328 2948 497 3009 auctoritate
512 2948 689 3020 tribuuntur,
705 2952 735 3011 et
748 2948 785 3009 ab
802 2946 914 3009 idoneis
927 2947 1054 3009 testibus
1069 2947 1299 3027 comprobantur,

56 3057 89 3115 nt
112 3051 283 3129 etiamalio,
306 3050 447 3118 cumillis
470 3051 516 3112 edi
538 3051 643 3126 solita,
666 3051 723 3112 nisi
745 3069 798 3131 per
820 3069 854 3112 se
873 3048 1000 3128 Virgilio
1018 3050 1221 3139 sintindtgna‚
1247 3068 1303 3139 pro

10 3155 88 3218 —V
90 3153 234 3231 ingilianis
257 3154 356 3217 baberi
378 3155 502 3234 possint.
546 3154 612 3216 Non
634 3155 860 3234 exspectandum
878 3157 924 3216 est
947 3139 1038 3229 enirn,
1063 3156 1095 3216 ut
1117 3155 1210 3216 omnia
1233 3171 1299 3215 car-

57 3259 134 3319 mina
149 3257 530 3375 Virgilianasiugniasupm
542 3260 673 3340 quodque
685 3257 857 3337 locupletem
873 3260 975 3346 testem
994 3254 1129 3318 babeant.
1172 3256 1219 3318 lie
1234 3256 1300 3319 Cu-

56 3363 120 3426 lice
141 3358 219 3423 nulls
237 3361 392 3424 dubitatio:
412 3366 522 3438 testes,
541 3363 615 3424 satis
635 3360 739 3424 urultos
760 3358 995 3442 collocupletes,
1012 3358 1145 3439 lleynius
1161 3363 1300 3421 monstrat

56 3465 215 3528 Prooemio
233 3463 423 3529 inculteem.
468 3463 579 3548 Quibus
604 3465 712 3526 addere
743 3461 811 3526 licet
840 3463 972 3546 quumvis
999 3461 1098 3523 minori
1128 3463 1299 3525 auctoritate

57 3568 270 3646 testimouium,
288 3568 382 3631 Focae
400 3567 578 3631 Grammatict
600 3566 712 3630 inVlta
723 3566 842 3644 Virgilii
864 3565 1000 3627 versibus
1021 3566 1140 3658 scriptu.
1185 3568 1299 3649 Coparn
1373 3644 1378 3655 .
1432 3595 1436 3600 ·

57 3674 182 3734 testatur
204 3671 305 3751 Sosip.
329 3669 480 3736 Charisius
502 3670 525 3732 l.
549 3687 574 3731 c.
595 3673 647 3732 ti.
714 3665 879 3734 catalecta
893 3671 1038 3732 Maronis
1060 3688 1113 3755 sua
1135 3673 1298 3733 aetateex-

57 3776 172 3839 stitisse
193 3775 344 3837 Ausonius
365 3779 503 3853 testatur3
539 3772 743 3838 Prolueienea
775 3773 945 3836 Diomedes
960 3772 1031 3833 loco·
1053 3772 1126 3834 intra
1147 3772 1298 3857 laudando.

58 3879 98 3942 llt
119 3881 156 3942 de
184 3877 311 3958 singulis
340 3880 554 3943 carminibus‘e
583 3878 745 3946 catalectis
766 3877 934 3954 Ausonius,
955 3875 1163 3958 Quintilianus,
1184 3877 1298 3940 illarius

58 3985 242 4048 Victorinus:
266 3985 302 4046 de
325 3985 528 4065 epigrammate
540 3984 762 4056 Corinthiorum
783 3991 902 4044 amator
923 3983 985 4044 iate
1005 3979 1177 4057 uerborum,
1195 3982 1298 4043 Auso-

56 4089 122 4149 nius
145 4093 175 4152 et
197 4086 410 4172 Quintilianns3
437 4088 474 4150 de
504 4089 708 4170 epigrammate
729 4087 758 4147 iu
780 4086 963 4149 Noctuinurn
983 4084 1096 4147 lilarius
1118 4084 1297 4148 Victorinus.

56 4191 224 4256 Cuiusmodi
246 4191 418 4256 testimoniis
441 4191 620 4271 comprobari
636 4194 729 4272 ,atque
751 4188 909 4267 confirmari
940 4205 1005 4252 nou,
1028 4186 1120 4251 solum
1148 4189 1297 4250 carminum
1442 4260 1444 4269 Ι

53 4314 169 4372 eorum,
200 4312 274 4376 quse
295 4292 338 4356 illi
361 4294 472 4358 diserte
493 4292 609 4358 laudent
630 4294 725 4359 tribuo
837 4291 979 4371 Virgilio,
1000 4293 1052 4356 sed
1076 4294 1164 4362 ettam
1181 4292 1298 4355 allomm
1320 4306 1322 4310 ’

48 4401 82 4464 lu
106 4397 269 4464 Catulectts
291 4399 441 4465 caminum
463 4399 680 4478 auctoritatem,
700 4415 719 4460 r
798 4396 900 4461 sensit
913 4395 990 4459 l.ll.
1012 4393 1141 4460 Vossius
1156 4396 1191 4458 ad
1208 4395 1295 4471 Virg.

49 4500 188 4607 sonti.
208 4506 263 4599 il·
284 4512 315 4587 p
339 4510 493 4589 conseq.
536 4500 622 4588 Quod
642 4503 717 4568 enirn
738 4500 842 4587 uliquis
863 4499 970 4584 dieat,
991 4499 1192 4587 Quintillanum
1214 4498 1296 4560 unlus
