2948 4986
115 224 192 295 262
568 214 844 284 ulssuuuhuuo
857 217 903 282 vll.
936 225 939 231 ’
1010 240 1012 247 ’

115 395 210 458 tietdo
232 405 337 472 esset,
361 410 397 457 ae
418 392 474 457 hoo
496 393 606 477 qoideia
627 393 732 456 bonum
754 391 993 479 sensum-habet,
1017 393 1043 454 si
1065 392 1103 454 de
1124 393 1277 471 assignato
1294 393 1333 454 mi-

115 477 214 583 litibqs
235 497 404 578 patrimonio
421 495 540 561 Catonis
562 496 653 561 looum
676 496 813 576 acoipio's.
857 497 976 574 Parum,
999 501 1088 576 poto,
1111 497 1298 578 quaerebatur
1314 499 1334 558 in

114 584 190 662 istis*
203 619 336 678 agrorum
359 599 623 678 assignationibus,
657 607 747 662 utrum
770 598 895 680 popilius
918 596 1048 676 adimis,
1078 601 1127 681 qoi
1158 599 1334 662 exturbandus

113 706 191 781 orat,
218 703 337 765 relictus
359 705 471 766 inisset.
515 703 759 766 Exturbabaniur·
773 705 933 785 promiscue
954 706 1122 783 proseripti'
1135 722 1246 766 omnes.
1288 705 1334 766 be-

113 810 212 890 nique,
242 809 270 869 iu
303 827 360 891 quo
392 808 477 870 oardo
506 808 566 885 roi,
606 812 694 870 totum
730 806 820 893 ionum
859 825 1019 889 nexumque
1059 808 1240 888 expendenti
1276 807 1334 868 Sue-

112 911 202 988 ionii,
241 912 288 993 qui
325 903 397 974 duas
433 911 567 973 divorsas
604 911 761 972 sententias
797 912 946 991 proponit,
981 928 1061 970 unam
1099 928 1216 988 eorum,
1251 913 1335 994 quibus

111 1012 233 1076 libertus
256 1033 324 1076 esse
347 1016 468 1077 Burseni
491 1013 698 1095 perhibebatur
725 1011 820 1093 Cato,
842 1013 976 1090 aiteram,
1006 1012 1073 1074 h'uio
1102 1016 1336 1094 contradamur

110 1117 329 1197 dedignatione,
359 1120 510 1200 ingenuom
532 1121 626 1179 natum
649 1116 757 1194 inisse,
780 1120 810 1180 et
831 1117 967 1198 pupillam
990 1117 1138 1192 reticium,
1163 1138 1257 1201 eoque
1278 1119 1334 1180 hoi-

110 1221 166 1284 iius
188 1221 209 1282 1.
232 1220 267 1285 S.
290 1224 313 1284 t.
343 1227 458 1284 exutum
489 1221 678 1303 patrimonio:
713 1225 818 1300 opunte
846 1240 914 1282 sese
944 1222 1028 1283 offert
1056 1225 1086 1282 et
1114 1224 1199 1302 quasi
1227 1222 1335 1285 obtrudit

110 1327 290 1402 oonieotura,
313 1343 374 1387 eom
396 1326 601 1386 sententiarum
624 1325 820 1386 diversitatem
850 1326 943 1407 deque
976 1322 1099 1396 Catonis
1124 1330 1204 1387 stetu
1236 1330 1334 1388 oontro-

109 1430 234 1490 versiam
257 1448 314 1491 non
337 1429 468 1492 Suetonii
492 1429 598 1489 demum
621 1431 717 1493 aetate
739 1409 847 1504 ortam,
871 1428 922 1489 sed
945 1431 1086 1511 antiquam
1109 1448 1195 1502 esse,
1220 1431 1335 1511 atquein

44 1514 53 1524 '²
109 1551 160 1611 eo,
183 1535 258 1615 quod
282 1535 404 1595 Burseni
426 1512 642 1605 liberiusnon
664 1534 823 1609 ingenuus,
846 1529 1002 1620 haberetur
1024 1530 1115 1610 Cato,
1140 1540 1281 1594 'caussam
1299 1534 1334 1592 ia-

108 1637 170 1698 isse
192 1653 242 1698 our
264 1640 420 1698 exueretur
442 1637 621 1716 patrimonio.
665 1635 732 1697 Hoo
753 1638 845 1697 autem
867 1635 894 1695 si
916 1639 979 1712 est,
1008 1636 1179 1697 necessario
1204 1637 1339 1718 sequitur,

109 1758 165 1801 uon
188 1740 324 1801 eommuoi
352 1739 447 1800 moitis
475 1741 686 1820 proscriptione
713 1743 761 1801 aut
789 1739 819 1799 vi
848 1737 962 1799 miiitum
991 1737 1142 1817 spoliatum
1165 1758 1238 1801 esse
1260 1737 1334 1802 Goio-

107 1861 192 1922 nem,
231 1844 282 1904 sed
312 1845 425 1905 aeiioue
454 1842 589 1904 iudioiaii.
633 1841 733 1924 Atque
759 1840 815 1903 huo
844 1837 931 1903 unioe'
953 1842 1026 1904 iacit
1047 1839 1169 1905 Catonis
1192 1848 1296 1905 v‘ersns
1312 1843 1334 1903 io

106 1945 188 2008 Diris
211 1947 277 2009 82¹
590 1935 592 1943 ⁴

211 2059 216 2066 '
345 2048 472 2114 Omale
494 2049 613 2127 devoti,
637 2051 796 2130 praetorum
819 2050 965 2123 crimino,
988 2047 1094 2128 apelli.

108 2152 156 2214 ubi
178 2173 210 2215 v.
233 2152 439 2215 Animadvers.
484 2153 538 2214 His
560 2154 737 2230 argumentis
758 2156 923 2232 permotus,
944 2170 1043 2228 agrum
1061 2148 1183 2214 Catonis
1206 2171 1261 2214 noo
1280 2153 1331 2213 sto-
1373 2144 1375 2156 ¹

108 2257 156 2317 tim
178 2257 352 2337 pervenisse
375 2256 403 2317 in
425 2275 524 2317 manos
546 2256 680 2332 militum,
703 2255 755 2318 sed
779 2257 867 2336 primo
889 2255 1079 2318 abiudioatum
1102 2252 1227 2334 Catoni,
1250 2255 1332 2316 neseio

109 2378 164 2441 quo
182 2367 373 2437 ‘eoousatore,
396 2360 509 2422 actione
533 2358 674 2435 iodiniaii,
706 2377 804 2420 veram
827 2377 879 2435 ea,
914 2363 945 2420 ut
967 2363 1024 2419 tum
1047 2363 1160 2436 tempus
1183 2360 1263 2438 erat,
1282 2364 1332 2418 tur-

107 2463 224 2526 bulenta
245 2481 281 2524 ao
302 2472 399 2543 parum
422 2464 571 2542 diligenti,
593 2466 623 2525 et
644 2462 788 2543 poblieom
810 2464 930 2540 fautum,
953 2461 1048 2543 pauido
1070 2467 1140 2542 post
1161 2463 1238 2525 inter
1257 2479 1333 2540 agros

108 2567 244 2629 militibus
266 2566 436 2630 dividendos
458 2586 525 2628 esse
548 2566 665 2629 relatum
688 2570 767 2647 puto.

174 2669 256 2732 Ultra
278 2670 454 2750 procedere,
477 2674 507 2732 ei
529 2671 668 2752 quomodo
691 2680 756 2732 aota
778 2672 834 2733 ista
854 2670 912 2732 sint
934 2671 1209 2751 omoia,‹quaerere
1227 2684 1333 2730 nonar-

109 2773 175 2834 deo.
218 2773 285 2835 lhoo
307 2778 415 2852 tamen,
440 2779 470 2835 ot
492 2775 545 2834 iam
568 2775 711 2854 indicavi,
733 2774 820 2836 vaide
841 2773 992 2854 probabile
1007 2777 1070 2852 est,
1092 2777 1249 2852 propterea
1263 2773 1333 2840 obio-

111 2877 231 2938 dioatum
259 2874 362 2938 Catoni
397 2896 496 2955 agrum
526 2896 609 2952 esse,
638 2877 712 2959 quod
743 2879 780 2939 de
808 2881 885 2938 statu
916 2874 1051 2948 Catonis,
1084 2882 1175 2937 utrum
1207 2878 1332 2954 ingenuus

110 2983 212 3057 natus,
235 2984 265 3043 et
287 2979 431 3057 legitimus
453 2981 518 3058 agri
542 2982 688 3058 dominus,
711 3000 746 3042 au
769 2980 891 3042 libertus
913 2981 1035 3042 Burseni
1059 2985 1159 3051 esset,
1184 2986 1215 3042 et
1233 2984 1332 3061 praeter

110 3083 155 3144 ius
184 3078 357 3161 possessor,
389 3086 547 3147 exsisteret
576 3065 726 3147 dubitatio.
776 3084 842 3146 Non
871 3103 990 3165 prorsus
1021 3082 1176 3144 dissimile
1191 3082 1331 3162 exemplum

112 3183 223 3265 Cicero¹
238 3188 333 3266 Epist.
356 3187 391 3248 ad
415 3185 596 3251 Gornihoiom
625 3186 694 3250 xli.
724 3210 813 3275 xxm.
842 3187 980 3268 praebet,
1015 3187 1129 3249 hirotem
1151 3187 1285 3263 Tarium,
1303 3183 1330 3264 Q·

110 3288 192 3351 Turii
215 3288 361 3361 liberium,
385 3292 432 3374 qui
451 3295 598 3353 averterat
611 3291 797 3354 hereditatem
813 3291 975 3352 Turianam.
1019 3290 1194 3375 Quamquam
1216 3290 1269 3352 hoe
1287 3307 1328 3349 rr-

111 3392 231 3472 emplum
248 3394 290 3455 ab
313 3387 413 3457 nostro
436 3395 520 3456 etiam
543 3413 578 3456 eo
601 3396 711 3475 differt,
734 3396 808 3478 quod
825 3396 905 3456 Eros
928 3396 983 3455 iste
1004 3393 1096 3455 homo
1110 3395 1328 3472 formentum

111 3499 206 3575 teste,
228 3516 359 3581 nequam,
384 3497 458 3561 Cato
481 3504 572 3560 autem
596 3501 712 3577 insons,
736 3504 781 3576 et,
812 3486 887 3581 quod
911 3499 1050 3559 eredimus
1072 3499 1129 3577 ipsi
1150 3495 1326 3564 asseverantis

111 3598 254 3676 ingenuus
277 3605 377 3679 natus,
405 3603 529 3684 agrique
551 3604 680 3664 soiiure
702 3602 841 3664 dominus.
885 3601 953 3664 Atio
982 3601 1065 3661 modo
1086 3602 1272 3679 ingenuitatis
1290 3614 1326 3660 nso

112 3705 197 3784 atquo
218 3704 311 3766 iruotu
334 3707 439 3786 privati
464 3712 530 3768 sunt
543 3705 745 3768 hhhntonius
764 3703 895 3784 Gnipho,
919 3702 954 3766 G.
977 3704 1138 3766 Melissus:
1164 3704 1282 3767 Sueten.
1295 3698 1326 3762 ii.

113 3803 235 3867 Gramm.
257 3829 311 3868 vn.
336 3813 365 3870 et
388 3831 455 3875 xxi.
499 3809 588 3884 Tum,
620 3810 686 3891 quid
719 3807 776 3869 hoo
808 3809 938 3870 noooerit
966 3807 1084 3882 Catoni,
1121 3809 1197 3891 quod
1224 3804 1328 3889 popilius

111 3909 372 3989 redietosiuisset,
395 3914 422 3975 io
446 3920 546 3993 operto
570 3917 626 3975 est.
670 3913 781 3975 Etenim
804 3912 877 3993 quod
900 3930 966 3972 soro
988 3930 1006 3972 a
1028 3915 1122 3974 tutore
1143 3913 1274 3974 traditum
1291 3924 1328 3969 oo

114 4015 243 4093 ceperis,
266 4016 294 4076 id
317 4018 347 4077 te
369 4017 498 4094 legitime
517 4016 686 4097 possidere,
708 4015 854 4077 diffieilior
871 4014 1003 4095 probatio
1022 4019 1083 4093 est,
1107 4017 1235 4098 quamsi
1255 4012 1328 4076 statio

113 4119 178 4198 ipse
200 4118 313 4180 adultus
334 4118 519 4183 hereditatem
541 4121 657 4182 adieris.
704 4116 853 4182 Caeterum
883 4122 972 4180 utrum
988 4118 1064 4199 'pins
1086 4119 1191 4199 eulpae
1212 4122 1241 4182 in
1261 4132 1329 4181 anon-

113 4228 237 4283 satorum
267 4223 334 4285 odio
363 4227 448 4305 atque
476 4224 599 4298 invidia,
629 4223 703 4303 quod
730 4220 870 4284 hominum
900 4241 995 4301 genus
1024 4242 1105 4305 quam
1133 4219 1331 4307 irequens‚et

113 4345 193 4410 quam
215 4329 373 4407 promptum
395 4328 498 4406 inerit,
518 4344 559 4388 ex
582 4324 732 4390 Ciceronis
754 4327 932 4388 orationibus
954 4331 1011 4389 tum
1032 4327 1168 4389 Verrinis
1190 4334 1247 4391 tum
1266 4325 1331 4398 aliis,

111 4435 142 4492 ut
164 4451 216 4512 pro
240 4430 273 4494 S.
297 4429 406 4494 Roscio
436 4429 536 4492 Amor.
565 4453 696 4506 xxxvio,
722 4433 793 4492 105.
827 4433 959 4508 oonsiat,
990 4449 1024 4493 ao
1047 4432 1074 4493 in
1097 4433 1243 4512 praetoris
1263 4426 1333 4492 inerit

112 4534 277 4618 iniquitate,
299 4537 337 4598 et'
352 4534 479 4599 tortasse
506 4535 662 4615 eupiditate
688 4534 831 4618 praedae,
858 4535 1020 4614 ignoratur.
1062 4533 1098 4600 la
1118 4537 1281 4602 animm
1298 4533 1334 4596 in
