2946 4988
383 189 617 258 mvaunuu
639 174 980 261 cauomsumas.
1255 198 1312 274 aa

60 363 111 426 ulai
132 360 171 426 ic
191 363 343 427 Vossianu
365 364 391 427 1.
476 365 683 471 liupunjnliis,
705 370 775 448 post
791 369 932 448 Altinas,
954 362 1169 451 dtcatplaoult
1197 368 1235 435 no
1253 372 1307 434 vix

60 473 306 532 mmmemomur.
342 467 433 531 Unam
451 468 565 537 arsut
583 469 781 535 ssa'sileensem
802 471 938 553 Bryling.
958 479 1052 538 1543.
1076 476 1105 535 ln
1128 477 1208 537 cuius
1229 495 1306 538 mar-

59 575 150 652 gine:
167 570 270 663 jAliaa
293 574 388 636 dicat.
475 580 480 593 '

122 822 130 842 r
158 782 198 844 V·
222 787 263 843 9..
284 792 398 850 mela,
415 794 633 850 minamine
651 792 926 851 sunalunscaliu
943 796 1080 852 Gallula
1098 799 1215 856 voltis.

91 928 94 933 «
127 885 231 966 Inepta
253 882 319 946 olim
340 882 467 947 nonnulli
499 885 597 968 impia
623 885 742 967 paedia
771 886 946 963 iungebant,
975 892 1007 948 nt
1029 887 1143 950 Veneta
1164 889 1304 967 Aetatis,

59 1008 137 1073 qnae
159 987 246 1069 plene
268 989 449 1067 interpungit
469 991 539 1069 post
560 988 704 1072 lycurge,
731 990 801 1068 post
829 989 929 1070 impia
951 1009 1007 1052 uon
1029 992 1219 1071 iuterpuugit.
1262 993 1306 1055 At

59 1092 195 1174 plerique
218 1097 310 1154 anien
332 1091 398 1172 libri
425 1092 494 1154 editi
523 1092 713 1173 antiquissimi
741 1095 836 1169 recte,
868 1096 898 1154 ut
919 1092 1046 1155 Romana
1068 1094 1106 1155 ll.
1134 1105 1188 1157 tua
1214 1098 1307 1177 facta

60 1197 198 1278 Dicarpc
223 1196 335 1278 ‘Impia
367 1196 550 1258 Trinacriae
568 1200 625 1257 etc.
669 1196 785 1263 Veneta
807 1196 884 1258 Rub.
907 1208 963 1259 tua
983 1201 1075 1281 sacta
1096 1199 1222 1281 iycarpe
1244 1200 1305 1261 lar-

57 1303 133 1385 pa'a:
158 1303 328 1362 trinacriae
349 1303 407 1360 etc.
431 1302 461 1360 et
482 1299 525 1360 sic
547 1298 686 1381 reliquae.
717 1299 894 1361 Mutinensia
916 1303 944 1362 iu
968 1307 1029 1363 toto
1051 1301 1116 1364 laco
1139 1298 1242 1363 nullam
1257 1305 1303 1363 in-

60 1404 291 1483 terpunctionem
313 1401 413 1466 halet
447 1402 577 1464 lnlaaesit
597 1421 691 1483 prava
712 1404 859 1466 distinctio
881 1405 1091 1468 recentioribus
1112 1424 1168 1468 nun
1190 1407 1304 1486 paucis,

61 1511 93 1568 ut
116 1505 336 1585 Scaligeranls,
367 1527 448 1589 quum
469 1512 570 1569 ¹tomen
594 1507 740 1584 scaligeri
753 1516 756 1523 '
771 1508 993 1587 verlaalpsius,
1022 1527 1095 1590 «puae
1122 1508 1243 1588 scripsit
1268 1509 1304 1569 au

61 1609 137 1673 launo
160 1609 267 1680 locam,
296 1610 381 1673 aliter
401 1611 533 1679 sensisse
555 1609 738 1687 Scaligcrum
761 1611 911 1672 evincant.
942 1614 972 1673 et
995 1612 1115 1673 cditloni
1137 1612 1301 1680 Burmanni,

62 1716 191 1776 tortasse
212 1696 503 1792 invitoBurmanno,
526 1715 574 1797 qui
597 1716 730 1802 inproba
745 1714 885 1792 malebat,
913 1719 988 1800 qaia
1010 1716 1086 1794 inple
1106 1721 1177 1777 vota
1196 1716 1304 1800 paulin

61 1830 135 1880 cate
154 1827 402 1900 praecesserant.
447 1817 591 1881 Heinsius·
608 1817 758 1900 aliqnando
781 1819 971 1881 cunliciebat:
1002 1819 1101 1883 latita
1123 1821 1304 1883 llieacriae

61 1931 101 1984 at.
125 1942 158 2002 a.
180 1921 280 1984 actio.
466 1994 468 2002 Ι

124 2025 231 2088 ltlirum
264 2027 311 2087 est
348 2025 527 2089 l'ra'aacriae
559 2025 688 2107 paedia.
744 2027 778 2087 ln
814 2044 870 2108 quo
904 2044 959 2087 nun
993 2028 1130 2089 immerito
1164 2025 1304 2089 haerebat

60 2128 233 2193 Salmasius.
271 2128 356 2191 *Nam*
377 2128 535 2192 Salmasius
566 2130 614 2190 est
642 2127 716 2191 lani
745 2129 846 2198 iulio,
875 2128 914 2190 ie
942 2149 996 2211 quo
1018 2128 1167 2217 Aruoldus
1194 2132 1304 2191 referta

59 2234 120 2296 lite
149 2224 255 2297 noster
270 2227 471 2311 ,aaaatyaffi
499 2231 684 2311 Trinacriae,
714 2236 779 2311 ait,
806 2226 991 2296 aatde'miti
1019 2244 1211 2317 suspectum,
1245 2235 1303 2296 ced

61 2341 135 2422 pata
157 2356 217 2400 aon
237 2336 351 2414 talea,
375 2337 455 2422 quod
476 2336 679 2412 sulciacum,
702 2337 807 2398 tolero.
838 2337 917 2400 Sane
934 2356 991 2399 nan
1006 2338 1114 2401 suflicit
1128 2336 1300 2416 explicatio,

59 2460 143 2524 quam
166 2440 272 2503 adas.
296 2438 428 2520 praeced.
453 2434 594 2527 villanus,
622 2439 777 2516 Scaligerl.
801 2438 866 2502 at
887 2441 1081 2521 corruptionis
1109 2442 1205 2502 tamen
1224 2440 1301 2500 nulla

59 2545 200 2624 suspicio.
245 2542 353 2605 Verani
374 2541 502 2604 subolult
524 2543 741 2612 Wernsdarlio:
769 2546 800 2605 et
821 2544 970 2605 Amulius
996 2562 1124 2626 quaque,
1147 2546 1194 2626 qui
1216 2541 1299 2605 humo

58 2650 84 2710 si
106 2647 175 2730 quid
199 2633 351 2728 aliquando
373 2648 441 2708 boui
465 2646 568 2721 labet,
592 2645 621 2707 id
643 2646 730 2709 multa
751 2647 903 2717 uerborum
925 2644 1060 2710 futilitate
1081 2647 1219 2725 obruere,
1242 2647 1298 2708 uo-

57 2769 180 2835 namque
203 2737 424 2830 expilationem
445 2748 502 2811 alia
523 2749 598 2811 falsa
611 2751 744 2812 ‘immixta
773 2750 968 2830 explicatione
996 2768 1178 2830 corrumpere
1205 2749 1297 2828 solet,

56 2873 151 2936 prope
172 2854 208 2917 ad
231 2872 346 2931 verum,
368 2872 451 2935 quum
471 2853 507 2915 ad
531 2871 646 2914 versum
670 2858 721 2916 63.
744 2854 862 2917 scribit:
892 2855 944 2917 lta
967 2875 1085 2940 qaoque
1106 2874 1204 2936 cupra
1225 2854 1298 2916 Tri-

56 2960 173 3020 nacriae
195 2957 301 3036 gaudia
320 2976 378 3040 pra
400 2960 488 3037 apris
511 2957 660 3019 adtribuit.
692 2957 780 3020 Nulla
801 2956 918 3020 luteast
939 2976 1073 3036 agrorum
1094 2956 1214 3021 camna
1237 2976 1298 3019 cum

56 3063 140 3140 agris
163 3060 368 3124 siciliensibus
391 3055 576 3146 comparatio.
619 3062 715 3123 Poeta
734 3063 766 3123 ut
786 3060 882 3141 paullo
911 3067 977 3124 ante
999 3079 1056 3124 nan
1078 3063 1152 3123 satis
1172 3061 1297 3145 feliciter

56 3166 227 3253 sekdootum
249 3166 383 3244 praebuit
403 3167 546 3226 mentione
569 3164 720 3248 lrpcarpi,
753 3165 795 3228 ita
821 3163 878 3226 lanc
904 3165 984 3240 lucu,
1013 3165 1077 3225 dum
1102 3164 1167 3228 vult
1193 3163 1295 3243 docte,

55 3269 154 3350 paullo
176 3267 302 3351 loquitur
323 3269 483 3330 obscurius.
533 3260 714 3332 Trinacriae
734 3269 852 3349 pacata
868 3264 941 3330 'sunt
962 3269 1063 3346 fruges
1085 3271 1117 3331 et
1136 3272 1215 3344 sata,
1239 3286 1294 3327 nou

56 3371 195 3450 Siciliae,
217 3372 269 3433 sel
292 3373 396 3449 fruges
419 3376 449 3434 et
466 3377 530 3434 sata
548 3373 576 3435 in
594 3374 773 3443 universum,
798 3373 864 3454 qula
882 3371 928 3433 luis
944 3373 1062 3433 amnium
1082 3372 1202 3432 naxlme
1217 3389 1295 3448 gau-

55 3479 106 3540 oet
126 3477 215 3539 beata
235 3474 285 3554 illa
303 3475 425 3549 Sicilia,
448 3477 528 3537 cuius
551 3475 686 3538 icutllltas
705 3477 797 3539 cessit
811 3476 840 3537 in
858 3475 1051 3556 proverbium.
1078 3474 1161 3554 Apte
1171 3475 1294 3536 Werns·

55 3581 336 3644 donfius'Aclelcia
361 3579 475 3660 pacata
504 3582 615 3641 confert
644 3598 684 3641 ex
706 3579 842 3658 Virgilio.
887 3578 939 3641 Sic
967 3596 1042 3641 nuno
1068 3581 1155 3658 poeta
1181 3578 1294 3654 vinum,

54 3703 114 3747 non
136 3687 244 3746 certum
265 3677 422 3765 quodiam,
446 3683 497 3744 sel
520 3684 615 3744 ulnam
634 3684 663 3743 in
682 3684 865 3761 universum,
885 3684 1004 3765 pacata
1023 3681 1136 3762 lilsai3
1152 3681 1293 3744 ‘alaman-

54 3794 103 3853 tea
125 3792 230 3868 posset
250 3784 370 3869 paedia
391 3787 556 3851 Braattiae
577 3787 694 3849 ‹llceret
721 3787 794 3867 etsi,
820 3787 902 3868 'quod
922 3785 975 3847 iam
997 3786 1107 3864 monui,
1129 3803 1186 3847 uon
1201 3783 1294 3846 'valde

53 3892 218 3973 probarem.
261 3888 414 3954 Convertit
435 3882 527 3952 autem
550 3909 707 3952 sennonem
728 3888 766 3952 ad
787 3893 956 3972 sequentem
973 3890 1106 3969 proximo
1126 3906 1214 3950 versu
1236 3908 1294 3949 uu-

52 3997 181 4059 cativmu
201 3995 314 4078 felicia
335 4015 420 4057 rara.
453 3993 493 4058 Ut
515 4014 614 4056 rursus
637 3996 677 4056 sit
698 3992 893 4074 apostrophe:
915 3992 1098 4056 sterilescunt
1119 3993 1206 4056 vohis
1228 3996 1292 4054 sata

51 4106 88 4163 et
108 4101 228 4178 fruges,
250 4119 269 4162 o
291 4117 366 4161 rura.
432 4098 520 4162 aclis
543 4099 598 4167 duo
620 4097 687 4159 libri
710 4097 850 4159 Gallicani
872 4095 948 4179 aput
968 4097 1130 4176 lleinslnm‚
1157 4099 1204 4179 qui
1228 4099 1293 4157 sunt

50 4205 235 4268 Petavianus
256 4206 286 4264 et
306 4202 483 4281 'lhuaneus3
511 4205 541 4264 et
563 4202 770 4279 Augustanus,
800 4204 861 4285 qul,
891 4205 922 4264 ut
943 4201 1033 4279 solet,
1063 4219 1169 4283 susque
1199 4200 1292 4282 deque

49 4306 145 4370 habet
167 4305 316 4386 syllabas:
341 4302 522 4389 lmptatriaa
543 4325 598 4388 cry
620 4326 659 4369 ac
680 4316 721 4368 ct.
743 4308 801 4366 tum
823 4306 917 4368 Paris.
929 4304 969 4367 ll.
992 4305 1109 4366 lllunac.
1121 4304 1145 4366 l.
1157 4304 1196 4367 ll.
1210 4304 1290 4366 Vra-

50 4409 115 4474 tisl.
138 4406 163 4481 l.
207 4408 487 4473 noliaParis.1V.
516 4407 638 4487 Anglio.
668 4412 698 4474 et
720 4408 792 4471 editi
821 4408 934 4471 inies
955 4409 1083 4472 Rumam
1104 4409 1143 4470 ll.
1170 4425 1290 4485 amnes,

50 4516 140 4579 etiarn
160 4511 307 4595 Mainac,
322 4521 323 4525 ’
337 4531 400 4577 cuna
424 4511 508 4576 lilaris
534 4512 655 4594 scriptis
679 4513 890 4577 recentioribus
910 4510 1001 4576 Basil.
1025 4513 1116 4578 Voss.
1139 4512 1179 4577 11.
1209 4511 1288 4575 Vra-
