2948 4986
108 177 184 247 1448
529 164 934 231 Anrnnuvcnslonus
1057 198 1060 203 ·

108 363 189 426 quaem
219 343 383 417 restitutum
411 341 485 403 dabo
510 359 555 403 cx
584 338 667 401 libris
692 340 784 416 meis,
813 340 860 420 qui
890 342 957 399 sunt
986 335 1085 401 collati
1111 335 1150 397 ab
1166 335 1222 397 ..·ls.
1244 334 1348 396 Vossio

108 448 265 510 Thusuros
287 433 318 506 ei
339 445 535 520 petavianus,
561 461 582 503 a
601 461 653 505 uae
676 442 871 519 Augustanus
900 446 930 502 ct
952 441 1116 503 Vossianus
1138 443 1193 501 81.
1223 440 1281 499 tum
1301 453 1346 497 co-

109 551 190 612 dices
211 549 405 621 recentiores,
429 545 518 606 Basti.
542 552 579 607 ot
595 546 687 609 Voss.
710 545 748 606 ΙΙ.
794 544 925 606 Venetae
947 542 1075 606 Achatis
1097 546 1130 605 ct
1151 541 1265 618 liutici,
1287 540 1344 601 nru-

110 653 250 730 timoris,
274 651 437 712 Viceuttoa.

282 753 427 835 Propulit
449 775 466 814 5
488 715 623 818 statutis
646 750 828 835 aduoluta
849 752 934 813 laetu
957 751 1101 834 capellas

80 854 83 863 ’
197 863 249 920 45.
284 859 419 932 Pastor,
443 868 472 919 et
494 858 612 919 acculei
634 859 742 917 montis
765 860 838 934 iuaa
861 876 974 917 suruma
995 856 1126 937 petivit,

284 961 406 1023 Lurida
428 981 491 1044 uua
506 961 602 1044 ¹putul
601 978 639 1023 cs
661 959 808 1022 uelabant
829 965 969 1040 oramina
988 977 1023 1019 co
1026 958 1097 1019 llus.
1179 1010 1182 1017 .

283 1065 354 1126 lam
374 1064 468 1126 silvis
491 1064 654 1146 dumisque
671 1081 793 1142 vacue,
815 1067 874 1124 iam
897 1061 1033 1124 uallibus
1057 1061 1176 1123 abdunt

107 1195 109 1199 ’
152 1248 154 1252 .
208 1214 210 1219 -
284 1168 444 1248 Corpora:
468 1168 594 1250 iamque-
608 1169 688 1227 omui
709 1167 825 1228 celeres
848 1177 977 1247 aparte
999 1173 1156 1244 uayautea
1190 1196 1193 1200 ·

287 1271 464 1332 Poudebaut
486 1282 588 1333 tenero
610 1270 783 1331 viridantia
805 1272 946 1350 oramina
966 1289 1085 1344 morou,

126 1401 133 1415 ··
173 1390 175 1394 ’
198 1380 250 1437 cu.
283 1375 425 1456 Scrupea
447 1375 583 1436 desertio
602 1371 772 1435 tiaereiaut
794 1375 841 1436 ad⁴
859 1393 941 1436 caua
963 1377 1074 1454 rupis:

237 1532 240 1539 .
283 1476 428 1539 Pendula
448 1479 594 1559 protectio
618 1488 788 1557 carpuntur
810 1488 839 1539 et
862 1477 973 1539 arbuta
995 1479 1109 1554 rumis,

283 1582 455 1663 Deucaque
476 1579 622 1659 oiryultic
645 1580 740 1642 auide
759 1580 909 1644 labrusca
929 1589 1083 1663 petuntur.

284 1685 373 1746 Haec
396 1704 559 1765 suspensa·
574 1689 659 1763 rapit
681 1697 826 1766 carpente
848 1688 1007 1747 cacumina
1028 1704 1133 1746 morsu
1190 1717 1192 1720 v

292 1788 482 1851 Veloalicic
505 1787 623 1862 mutae,
648 1786 698 1849 oel
717 1808 802 1871 ‘quae
822 1793 911 1851 uuum
925 1792 1068 1851 nuscitur
1088 1787 1201 1850 daus:

114 1936 117 1942 1
200 1895 252 1953 55.
286 1893 375 1953 Haec
397 1903 520 1953 tenerur
540 1892 685 1970 fruticum
707 1903 810 1954 sentes
833 1895 982 1954 rimatur:
1006 1901 1040 1954 at
1062 1891 1122 1953 illa

286 1996 420 2058 Imminet
443 2000 472 2055 in
495 1997 557 2057 riui
577 1998 772 2075 praestantia
796 1999 938 2076 imaqiuis
961 1997 1082 2058 audam.

114 2099 154 2161 V.
179 2101 229 2159 44.
252 2098 395 2181 Perpulit
413 2099 490 2160 Ven.
510 2095 617 2157 Achai.
651 2096 789 2159 Protulit
811 2098 885 2160 Veo.
910 2098 987 2159 Rub.
1011 2098 1169 2161 rtViceut.
1193 2113 1255 2158 cum
1265 2094 1345 2157 Voss·

101 2204 153 2266 ’44.
184 2203 330 2265 ecuncti.
388 2201 428 2263 V.
453 2207 504 2263 45.
527 2220 641 2263 summa
663 2204 738 2282 iura
761 2208 860 2263 contra
882 2207 997 2290 orutroro
1020 2203 1111 2264 Voss.
1130 2207 1181 2262 81.
1244 2198 1290 2260 V.·
1305 2201 1346 2258 45.

113 2307 254 2369 locridas
278 2307 381 2367 Petav.
438 2294 547 2388 patulo
569 2304 643 2364 tuot.
701 2306 857 2367 ueduiant
881 2306 955 2367 Ven.
979 2304 1088 2368 Achai.
1111 2304 1179 2366 vu„
1204 2301 1294 2364 Voss.
1314 2298 1346 2362 11.

113 2411 259 2474 oelaluut
280 2409 393 2472 Thuan.
423 2414 452 2470 et
473 2394 577 2470 Petav-
629 2409 725 2470 culleo
754 2411 868 2488 cuncti,
897 2415 1014 2489 praeter
1043 2409 1133 2470 Voss.
1156 2413 1211 2470 81.
1244 2408 1271 2468 io
1301 2421 1347 2486 quo

113 2517 216 2598 flores.
246 2557 248 2562 η
290 2513 344 2575 ·V.
369 2515 420 2572 ti.
449 2496 549 2592 ruqe't'
566 2491 619 2590 liro
643 2532 747 2594 oreque
767 2516 858 2577 Voss.
882 2519 934 2576 81.
956 2521 986 2575 et
1008 2513 1137 2575 addunt.
1205 2512 1348 2592 diurnium

112 2641 166 2701 pro
189 2622 348 2702 dumisque
373 2617 446 2678 utut.
540 2616 588 2677 ·V.
613 2621 664 2679 48.
687 2637 724 2679 ue
744 2637 797 2696 uro
819 2639 837 2680 e
858 2619 949 2680 Voss.
972 2623 1025 2680 81.
1156 2615 1283 2676 Versum
1304 2617 1347 2674 ti.

112 2725 181 2786 libri
204 2725 258 2784 mei
280 2722 374 2782 cuncti
398 2721 495 2780 versui
517 2721 658 2802 scrupea
681 2725 736 2781 etc.
763 2723 808 2783 uui
830 2724 857 2780 in
882 2720 1144 2799 ‹euictooetieyuru
1166 2719 1249 2797 aliis,
1272 2719 1348 2796 post·

113 2829 243 2907 ponitur,
268 2823 462 2903 praepositum
486 2823 608 2901 trabent3
631 2842 665 2884 ac
691 2825 868 2887 Tendebam
891 2826 995 2884 cornuti.
1103 2822 1143 2883 V.
1168 2821 1279 2884 5158.
1301 2819 1348 2881 da

113 2942 220 2993 sertas
242 2927 408 2990 laerelant
430 2925 474 2986 ud
496 2946 523 2986 c.
546 2948 638 3008 rupes
668 2928 782 2990 Thoan.
813 2929 904 2990 Basit.
934 2929 1007 2990 litut.
1037 2928 1114 2989 Ven.
1137 2925 1217 2988 nuo.
1242 2925 1347 2986 Viceut

114 3052 176 3095 curn
198 3033 290 3101 Voss.
313 3029 351 3091 44.
395 3029 431 3091 S.
455 3030 588 3092 desertis
609 3031 755 3094 lerelaut
777 3032 821 3094 ad
843 3052 870 3093 5.
893 3053 986 3116 rupes
1003 3033 1136 3108 August.
1156 3033 1186 3091 ct
1206 3031 1251 3091 sic
1268 3029 1347 3091 Peiu-

114 3139 236 3211 viauae,
264 3133 317 3194 scd
345 3133 501 3195 aureliam.
553 3134 588 3196 S.
612 3135 746 3198 desertio
773 3136 920 3200 errabant
946 3137 991 3198 ad
1013 3155 1040 3196 u.
1070 3139 1158 3216 rupiu
1188 3135 1281 3197 Voss.
1302 3136 1345 3195 81.

114 3242 248 3302 desertis
271 3240 318 3298 est
339 3240 370 3297 in
393 3236 544 3312 desertis,
574 3242 605 3297 ut
627 3239 655 3297 io
679 3239 800 3302 Catonis
822 3239 968 3316 loco,.ad
992 3257 1074 3321 quem
1096 3236 1169 3298 haec
1191 3237 1343 3300 scribimur.

114 3366 144 3406 v.
170 3352 220 3406 33.
245 3343 354 3417 siluis,
379 3348 409 3402 ct
431 3361 461 3401 v.
485 3345 537 3402 34.
561 3346 689 3422 campie.
762 3342 878 3404 Veneta
900 3341 1007 3404 Achai.
1031 3341 1139 3402 orruittit
1161 3341 1238 3402 huuc
1259 3345 1287 3402 ct
1307 3337 1344 3420 qui

114 3452 271 3529 sequuntur
302 3465 406 3508 versus
429 3451 506 3523 tres,
538 3450 589 3507 51.
614 3450 665 3506 52.
689 3451 741 3507 53.
873 3444 912 3506 V.
931 3451 986 3507 ·.54
1018 3447 1115 3524 recept
1145 3447 1247 3507 nescio
1276 3443 1342 3505 cutus

114 3553 334 3613 emendationum
363 3552 427 3615 Vel.
471 3551 524 3610 nuci
554 3553 669 3610 cuncti.
701 3551 790 3612 Haec
813 3547 875 3624 (vot
902 3547 982 3623 Har)
1008 3550 1110 3611 salicis
1137 3549 1236 3611 tentae
1265 3547 1342 3623 (true
1388 3586 1390 3617 r

115 3654 207 3715 Voss.
232 3661 282 3714 81.
310 3666 406 3716 mente
427 3656 546 3731 Petav.)
571 3654 626 3715 uel
642 3658 698 3717 etc.
733 3652 807 3733 quod
830 3653 918 3715 video
946 3654 1061 3714 defendi
1087 3670 1202 3732 posse.
1225 3657 1256 3714 at
1276 3648 1341 3713 uiuit

115 3757 284 3818 inconcinna
306 3762 352 3818 est
374 3759 476 3818 oratio.
506 3757 602 3819 Facile
623 3761 716 3818 autum
739 3758 833 3835 potuit
858 3756 914 3819 Vel
936 3757 1077 3835 corrumpi
1099 3757 1128 3817 in
1146 3757 1256 3832 Haec,
1275 3768 1340 3837 quur

115 3865 146 3922 et
167 3859 323 3939 praecedat
345 3861 453 3936 Haeo,
478 3863 507 3922 ct
530 3864 625 3922 statim
647 3865 796 3941 sequatur.
838 3865 979 3922 nascitur
1002 3863 1085 3921 ctiam
1106 3858 1283 3937 4155555555,
1302 3851 1340 3917 orl

115 3969 143 4027 in
167 3982 223 4044 quio
245 3961 417 4041 adscriptum
440 3970 502 4026 crat
523 3965 535 4025 l
558 3965 631 4040 (uel)
653 3970 806 4047 parcitur.
834 4024 835 4031 ,
884 3965 921 4026 V.
942 3969 993 4025 55.
1015 3965 1180 4045 fructicum
1197 3965 1287 4027 Voss.
1302 3961 1340 4023 ii·

115 4074 262 4130 rimantur
279 4065 353 4126 Ver.
367 4066 445 4129 nou.
461 4067 579 4129 Viceot.
597 4069 686 4128 Voss.
701 4067 740 4129 44.
764 4069 882 4130 vitiose.
927 4070 967 4131 V.
983 4073 1034 4129 56.
1057 4066 1185 4131 Imminet
1199 4069 1290 4131 Voss.
1302 4066 1339 4127 it·

115 4173 267 4256 ymayiuio
290 4168 365 4231 ch.
389 4169 498 4232 Achai
541 4172 615 4232 Mihi
640 4190 699 4232 uon
721 4172 836 4234 videtur
858 4173 942 4234 nimis
964 4172 1051 4232 durus
1072 4171 1120 4232 hic
1143 4184 1340 4241 venareum,

116 4284 148 4338 ut
170 4277 197 4335 io
216 4271 272 4335 hoc
294 4276 396 4350 poeta,
418 4274 500 4334 modo
524 4280 625 4337 teneas
646 4277 757 4338 uolam
778 4268 928 4354 duplicem
941 4275 1101 4337 adiunctum
1123 4277 1285 4353 genitivum
1299 4271 1342 4334 45·

117 4383 203 4447 itere:
220 4375 311 4456 prium
325 4376 436 4437 undam
448 4381 525 4455 rioi3
539 4377 641 4440 deiude
654 4383 850 4462 praestantis
862 4382 1005 4459 imaaiois
1016 4380 1126 4442 undaro
1132 4421 1145 4456 ,
1158 4378 1189 4440 b.
1199 4398 1228 4442 e.
1241 4379 1341 4443 uului
1388 4446 1390 4453 ,

117 4499 191 4564 quae
212 4481 282 4542 iuuit
302 4478 352 4541 vet
373 4479 463 4543 habet
482 4485 675 4560 prmutaoteu
697 4483 864 4560 imaginem,
887 4484 916 4545 iu
938 4501 994 4565 quo
1012 4487 1058 4546 est
1075 4489 1233 4564 uturum
1250 4487 1342 4560 w
