2948 4986
163 193 218 263 ”18
592 178 992 254 antitanvansiertbs

169 363 214 424 lio
230 361 397 444 qoa'itiden
414 366 494 426 nocte
510 365 618 427 monuit
630 362 831 427 casaubonus.
862 362 902 426 Ut
916 364 991 424 enim
1004 376 1058 424 nec
1069 357 1280 438 -βατταοίζοιν
1294 362 1415 426 verboru

167 486 185 528 a
207 467 304 530 Bono
326 482 416 547 rege,
439 486 495 530 noe
516 464 710 545 βαττολογία
732 466 770 529 ab
793 467 893 529 eodem
914 466 963 528 vel
986 467 1023 527 ab
1045 467 1172 529 obscuro
1188 467 1308 549 quodam
1326 471 1416 547 poeta

168 572 354 632 derivandum
375 577 442 651 eet,
465 573 507 634 ita
527 591 581 634 noo
604 568 769 647 βατάλοας
788 572 857 632 aire
879 565 1062 644 βατταλοας
1083 588 1101 631 a
1123 573 1237 632 nomiae
1258 571 1354 633 llatali
1373 572 1415 634 n-

168 675 277 738 bioinis
297 676 392 738 dictos
414 695 484 738 eoae
501 675 640 739 credibile
657 679 719 737 eet:
743 674 795 736 sed
813 676 867 736 nun
881 677 965 736 etiam
982 669 1138 748 βάταλος,
1154 675 1223 737 aive
1237 670 1414 749 βάτταλος,

168 780 298 858 primitus
320 799 383 841 vox
405 782 497 857 iacta,‘
520 783 551 840 ot'
572 776 764 842 casaubonus
786 778 909 857 indicat,
924 770 967 839 ¹ad
991 778 1153 839 imitandum
1172 796 1272 841 aonam
1295 779 1416 858 linguae

168 883 301 962 puerilia.
345 884 454 947 Videat
481 881 587 964 aliquis
614 900 697 964 qoam
725 883 781 944 eibi
809 880 912 942 similia
934 882 1007 943 sint:
1037 877 1199 960 ddrropoc
1216 886 1251 945 et
1273 875 1417 958 βάταλος

169 1005 195 1046 e.
220 982 394 1060 βάττολος,
427 986 583 1049 Baliarum
607 989 637 1047 et
658 985 821 1048 Battulaa.
865 983 945 1046 Nibll
968 970 1171 1066 niei'liqaidae
1193 987 1268 1048 inter
1289 1007 1325 1048 ae
1347 1006 1416 1068 per-

169 1094 294 1151 mutatae
315 1094 400 1166 sunta
422 1107 458 1151 ao
479 1090 623 1151 latendum
639 1095 688 1152 eet
706 1088 781 1150 bane
796 1091 928 1167 sormam,
950 1107 1024 1170 qnae
1039 1088 1161 1151 litteram
1180 1089 1313 1166 titubet,
1333 1093 1418 1152 etiarn

147 1208 150 1214 ·
170 1195 306 1271 aptiorem
329 1192 487 1274 meliusque
509 1193 612 1253 laetam
632 1210 703 1254 eoae
725 1192 760 1253 ad
782 1193 941 1254 imitandam
971 1193 1089 1269 linguae
1110 1194 1297 1256 balbutientis
1321 1195 1418 1256 molli-

168 1297 246 1357 tiem.
280 1296 311 1358 R
327 1278 400 1356 enim
419 1294 541 1357 litteram
562 1297 753 1375 pronunciare
775 1308 831 1357 non
854 1281 962 1376 ponec.
985 1296 1134 1358 balborum
1156 1304 1221 1360 ost:
1244 1316 1300 1380 quo
1324 1301 1418 1378 perti-

154 1403 219 1461 ¹¹net
241 1397 392 1460 (liceronie
414 1397 497 1459 loono
518 1399 546 1459 in
569 1399 681 1460 nomine
704 1400 807 1477 Hirri,
830 1399 924 1478 llpist.
947 1398 1023 1461 l'am.
1046 1400 1086 1463 ll.
1110 1420 1142 1460 x.
1182 1401 1255 1464 lllnd
1280 1405 1419 1464 incertum

172 1503 308 1565 videatur
328 1520 415 1581 esse,
445 1520 482 1563 an
509 1503 545 1563 ad
568 1501 643 1563 bano
672 1506 756 1564 vocis
786 1498 927 1576 βάταλος
955 1506 1095 1582 originem
1124 1511 1155 1567 et
1176 1504 1420 1582 significationem

172 1624 270 1668 omnen
292 1606 474 1668 revocandae
496 1606 556 1667 alut
584 1607 647 1666 elus
673 1607 757 1667 vocis
786 1607 1034 1684 significationes,
1063 1622 1136 1690 quau
1158 1608 1325 1672 casauboni
1347 1626 1419 1670 een·

173 1711 263 1771 tentia
284 1711 349 1771 i'oit.
376 1710 473 1772 =Snne
495 1727 552 1771 nou
575 1711 670 1770 statim
693 1715 773 1788 patet
794 1709 849 1770 bae
873 1712 939 1786 ria,
962 1713 1102 1792 qaromodo
1124 1708 1420 1790 pertractantem,

170 1815 379 1895 effeminatum
401 1804 565 1894 significare
587 1815 728 1892 coeperit.
769 1814 875 1890 Magis
897 1817 982 1875 etiam
1010 1816 1176 1894 singulare,
1204 1818 1280 1898 qnod
1302 1816 1420 1896 liarpo-

174 1918 265 1978 cratio
288 1918 389 1992 tradit,
410 1915 537 1996 'Eupolin
560 1911 704 1992 βάταλον
725 1917 840 1979 dixisse
861 1911 917 1975 nov
940 1913 1099 1994 πρωκτόν.
1123 1922 1163 1983 ei.
1179 1901 1327 1983 Plutarch.
1351 1921 1421 1984 Vita

61 2098 65 2113 Ι
172 2017 324 2081 Demostb.
347 2039 377 2100 p.
395 2023 468 2082 alt.
492 2021 526 2080 ll.
572 2019 636 2082 Nisi
659 2018 716 2081 boo
739 2024 778 2084 ita
799 2021 836 2082 ad
858 2023 1024 2101 primariam¹
1039 2025 1279 2103 significationem
1303 2025 1420 2103 etymo-

172 2124 336 2206 logiamqoo
357 2142 501 2202 revoces,
524 2128 555 2186 ut
576 2122 652 2185 bano
674 2143 743 2186 esso
765 2124 902 2204 puerilem
925 2125 973 2186 vel
996 2127 1032 2188 ad
1056 2129 1166 2207 captum
1183 2146 1335 2207 puerorum
1355 2127 1420 2188 old·

173 2232 245 2288 ctam
267 2229 360 2306 partis
382 2225 459 2288 illius
481 2226 703 2307 appeliationem
722 2230 822 2304 diona,
854 2229 1048 2290 numerandam
1076 2230 1154 2290 inter
1175 2231 1315 2316 nutricum
1337 2226 1421 2287 dno.

174 2327 373 2406 κοοίοματα,
399 2350 455 2413 quo
477 2331 514 2393 de
535 2348 648 2408 genere
669 2331 776 2413 aliquid
799 2329 936 2408 Scaliger
958 2335 985 2392 iu
1009 2332 1096 2412 Virg.
1120 2331 1270 2395 catalecta
1290 2353 1322 2414 p.
1346 2338 1419 2396 iit.

173 2455 219 2517 sq.
244 2436 290 2497 od.
312 2435 468 2498 lindenbr.
533 2435 616 2496 llaec
638 2439 700 2498 atat
722 2437 796 2512 sint,
820 2452 978 2512 cognomen
1002 2427 1420 2513 conclamationem.

172 2539 271 2607 ταλος
292 2537 341 2600 vel
365 2534 552 2610 Βάτταλος,
576 2557 631 2619 non
654 2538 711 2598 alio
732 2538 816 2599 modo
839 2537 1055 2618 explicandum,
1078 2540 1131 2601 sed
1155 2559 1190 2602 eo
1212 2542 1314 2618 modo,
1338 2546 1420 2623 qae'm

174 2662 265 2724 nuper
287 2644 522 2729 approbaverunt
544 2645 600 2704 viri
624 2642 720 2718 docti,
743 2637 921 2702 Sebaelerue
944 2643 1087 2721 Apparat.
1110 2645 1145 2705 ad
1169 2643 1419 2708 Demootb.'l¹.ll.

175 2768 204 2826 p.
219 2751 292 2810 251.
337 2747 501 2808 Passovios
518 2746 592 2808 Lex.
608 2743 664 2806 Gr.
683 2765 714 2805 v.
738 2739 897 2822 βάταλος,
920 2740 957 2806 de
981 2747 1052 2807 vitio
1075 2748 1320 2825 pronunciationis
1342 2751 1422 2811 acei-

175 2850 307 2928 piendum
326 2866 395 2909 cose
412 2849 557 2909 existimo.
596 2843 768 2915 Βάτταλος
790 2865 890 2908 atomon
910 2852 956 2910 eat
972 2851 1056 2910 etlam
1074 2851 1148 2929 apud
1165 2850 1310 2930 liodylum
1328 2853 1421 2932 epigr.

176 2977 230 3014 vu.
253 2957 285 3013 ut
306 2951 379 3012 allos
402 2953 537 3012 omittam.
582 2950 689 3012 Verum
717 2951 765 3032 qul
795 2951 868 3027 sint,
897 2970 971 3032 quos
998 2958 1114 3031 spectat
1135 2952 1283 3032 Gyraldao
1307 2956 1422 3018 Poetar.

175 3056 246 3117 bist.
268 3075 299 3136 p.
326 3060 396 3116 138.
410 3054 453 3116 ll.
476 3052 534 3114 To.
549 3052 588 3116 ll.
612 3071 694 3134 quom
716 3055 836 3115 scribit:
859 3055 937 3118 Sunt
960 3060 1013 3141 poi
1031 3038 1066 3118 'ia
1095 3056 1280 3138 Verpila'oaie
1301 3078 1420 3142 poema

176 3165 220 3223 tia
238 3180 296 3243 pro
315 3159 422 3245 Bataro
438 3156 566 3218 liatalum
582 3168 739 3240 reponant.
768 3178 823 3239 epo
841 3159 918 3220 nibil
936 3170 1063 3238 atatam,-
1086 3161 1113 3221 id
1133 3179 1192 3238 ego
1209 3181 1302 3244 aeque
1318 3165 1423 3240 ignoro

178 3268 264 3346 atque
286 3262 378 3339 titud,
394 3277 467 3342 quae
489 3261 565 3339 sint,
587 3264 619 3321 ut
640 3261 713 3322 idem
736 3263 838 3325 scribit
861 3262 980 3340 ibidem,
1003 3275 1129 3326 caetero
1151 3260 1232 3350 qaue
1248 3267 1287 3328 de
1301 3266 1424 3328 Butam

179 3365 430 3450 ascriptoribus
460 3366 634 3427 trudantur.
686 3367 734 3425 An
763 3382 845 3426 error
873 3366 996 3442 subest,
1028 3371 1059 3428 nt
1081 3368 1191 3429 lluaeml
1213 3371 1255 3433 ie.
1286 3390 1369 3451 quiem
1391 3372 1424 3433 P.

179 3471 347 3550 leopardus
368 3470 515 3531 Emendat.
532 3470 602 3535 XV.
615 3490 682 3530 nr.
705 3462 823 3546 tangitt
860 3468 1024 3531 Baliarum
1038 3471 1189 3548 Erasmus,
1209 3475 1243 3533 et
1263 3477 1334 3551 post
1350 3474 1426 3536 lira·

180 3595 266 3635 smum
284 3573 323 3637 A.
338 3573 479 3636 Sobottoo
501 3573 536 3634 ad
559 3573 721 3635 Proverbia
745 3572 920 3649 Diogeninni
943 3591 973 3652 p.
988 3578 1060 3635 204.
1084 3574 1198 3651 dicunt,
1221 3593 1304 3656 quem
1327 3596 1426 3640 omnes

180 3677 227 3739 alii
251 3677 394 3755 Battara,
418 3676 541 3737 nobilem
564 3676 640 3737 illum
662 3675 760 3736 docem
784 3674 924 3738 coloniae.
961 3676 1110 3741 Batulum
1124 3659 1207 3760 'quod
1229 3682 1348 3752 attinet.
1372 3682 1426 3743 ali-

181 3800 263 3863 quem
286 3785 379 3842 tamen
401 3781 494 3840 inisse
512 3779 657 3858 auspicor,
681 3781 728 3861 qui
747 3778 865 3841 Baloie
881 3799 935 3859 pro
956 3779 1089 3844 Battara
1106 3789 1155 3844 aut
1172 3783 1295 3844 ediderit
1313 3786 1341 3845 in
1359 3802 1427 3846 car-

174 3888 255 3947 mine
278 3883 418 3961 Catonis,
448 3887 497 3944 ant
520 3882 706 3945 scribendum
736 3900 805 3943 esee
833 3883 951 3945 dixerit.
995 3885 1062 3946 Non
1084 3891 1154 3966 puto
1183 3888 1256 3947 enlm
1284 3888 1348 3948 sine
1371 3888 1429 3950 ulla

183 3991 356 4051 auctoritate
384 3989 550 4067 Scyiertum
577 3989 607 4048 in
634 3984 822 4048 Grammatico
852 3986 914 4050 bat.
938 3988 972 4049 P.
995 3987 1034 4049 ΙΙ.
1062 4009 1091 4068 p.
1116 3994 1188 4054 aba.
1220 3991 1264 4051 sic
1290 3993 1429 4072 scriptum

83 4178 85 4183 Ι
184 4112 300 4154 veroum
323 4092 472 4156 laudasse:
495 4089 614 4153 aaran
634 4110 770 4172 oypneaa
793 4100 963 4172 repetamus
982 4097 1113 4160 camnine
1129 4113 1232 4157 noceo.
1261 4095 1431 4175 Seyiertnur

186 4197 252 4257 mild
274 4197 445 4257 monstravit
461 4193 625 4256 bobeclriue
640 4193 659 4254 l.
678 4192 698 4254 l.
717 4194 875 4255 Praeterea
890 4195 1055 4258 lobeolriuo
1077 4197 1112 4258 ad
1136 4194 1301 4260 (laeaoboni
1327 4199 1431 4282 diopu-

187 4303 319 4362 tationem
343 4299 418 4359 iilam
439 4297 518 4358 addit
533 4296 699 4375 Arcbigalli
716 4315 833 4371 nomen,
857 4297 1029 4377 Bellonae,
1047 4304 1077 4361 ct
1090 4297 1303 4378 Buttabaoea,
1322 4301 1434 4387 dequo

188 4401 319 4466 Weesel.
333 4401 473 4465 adDiod.
489 4401 603 4478 Fragor.
621 4401 654 4462 b.
673 4422 785 4462 xxxvi.
810 4420 840 4480 p.
855 4405 926 4466 360.
945 4401 983 4466 Τ.
996 4403 1034 4468 X.
1059 4405 1134 4486 qood
1156 4421 1257 4466 nomen
1280 4422 1337 4466 uon
1355 4408 1436 4470 mul.

187 4511 246 4568 tum
268 4507 378 4567 distare
399 4523 417 4566 a
438 4506 550 4566 nomine
572 4503 724 4570 Battatao
747 4502 826 4568 dicit.
871 4505 910 4568 lit
931 4504 990 4567 alto
1010 4505 1207 4587 Aglaopbaml
1229 4507 1311 4589 ioco,
1336 4509 1437 4578 Τ.11.

1069 4764 1113 4843 ,ξι

1050 4844 1082 4899 ·.·'
1098 4848 1103 4855 .
