2948 4986
113 193 191 262 35⁶
554 183 831 255 nussunrnmo
854 134 906 248 ru.

116 364 224 441 scripto
248 378 366 442 uuquam
389 362 480 422 tuisse
498 359 650 440 probabile
663 363 718 420 est.
764 358 906 435 ligulas
929 359 1070 421 lectiones
1092 377 1194 420 omnes
1216 378 1257 421 ex
1280 359 1358 422 libris

115 465 202 525 editis
225 466 419 545 conquisitas,
442 465 562 525 maxime
585 463 769 538 exsdldinis,
793 464 959 547 quibuscum
981 465 1077 524 mirum
1101 465 1128 523 in
1152 464 1266 529 modum
1289 482 1356 525 con-

116 569 262 645 sentiunt,
292 553 408 628 censeo.
461 552 578 631 Retinui
612 572 719 642 tannem
753 585 787 628 ac
810 569 912 646 repetii
934 570 1004 646 post
1027 567 1238 643 Burmannum,
1276 572 1355 630 tutam

115 672 313 747 farraginemr
342 675 372 732 at
393 690 492 731 nomen
515 672 647 749 retinerev
663 689 720 731 non
742 672 832 750 potui.
877 670 977 752 ltaque
999 690 1053 751 pro
1072 672 1143 733 cod.
1168 671 1289 750 Pierii,
1312 671 1353 733 vel

118 775 189 837 MS.
212 774 330 850 Pierii,
353 773 517 855 plerumque
539 777 623 853 posui
645 776 805 856 Eeoerpm
834 796 886 857 ap.
916 776 1094 852 Heinsium,
1123 775 1175 836 vel
1199 778 1353 859 Exempla

115 873 248 940 Heineii.
292 878 398 938 liudem
420 879 569 958 Excerpta
590 877 663 938 haud
687 879 774 941 dubie
796 880 944 956 significat
966 875 1104 940 Heinsius
1126 880 1162 941 ad
1190 900 1219 941 v.
1237 885 1290 942 31.
1315 880 1352 940 iris

114 981 216 1060 verbis
228 1000 237 1042 a
268 981 398 1042 succidet
425 990 567 1044 uetustus
597 983 694 1044 endec
721 1003 786 1044 eum
814 983 908 1044 Aldu.
938 985 968 1044 et
997 1003 1028 1044 v.
1061 988 1149 1045 151„
1166 984 1240 1045 ubi:
1269 986 1351 1045 iuerat

108 1096 213 1161 tamen
230 1077 446 1148 'ulii'oudicem
490 1085 563 1146 Num
593 1086 718 1146 eamdem
742 1085 892 1168 utrobique
921 1087 1108 1166 scripturam,
1133 1089 1301 1163 «secema,
1326 1093 1351 1148 et

112 1166 238 1272 fuerat,
264 1189 440 1250 Burmannus
461 1207 501 1249 ex
523 1207 576 1251 suo
596 1189 695 1250 Pierio
718 1192 838 1268 profert

508 1483 959 1598 Aequales-nes.

180 1710 226 1771 lta
249 1709 324 1769 liunc
344 1709 538 1788 praestantem
559 1707 660 1768 librum
682 1706 798 1787 appello
821 1725 899 1783 meo,
923 1707 972 1768 vel
993 1708 1092 1787 potius
1120 1709 1258 1772 civitatis
1285 1710 1352 1771 illius

115 1815 185 1874 iure.
231 1811 304 1893 Quid
328 1812 401 1884 enim
424 1810 562 1887 Augusta
585 1810 814 1899 vindelicorum,
837 1813 967 1892 quamvls
990 1814 1090 1873 merito
1113 1810 1234 1874 laudata
1258 1814 1352 1876 civitas

116 1916 220 1992 habet,
255 1932 307 1977 cur.
333 1913 396 1975 sela
432 1915 595 1995 Auquetu,
635 1915 807 1996 codicesque
842 1917 905 1975 eius
938 1918 1117 1996 Aepusmui
1155 1911 1352 1995 appellentur?

116 2012 349 2100 Antiquitatemt
378 2011 583 2079 monumenta?
612 2017 689 2079 Nihil
714 1999 914 2099 antiqniusab
938 2019 992 2080 hac
1014 2026 1097 2098 parte
1127 2018 1265 2100 Alpium,
1296 2021 1352 2082 nili

116 2125 189 2205 qued
213 2124 406 2204 antiquitatem
431 2140 509 2181 suam
523 2125 585 2206 tot
603 2127 632 2183 et
655 2126 710 2182 tam
740 2121 840 2200 anaplis
862 2125 1047 2184 monumentis
1069 2128 1124 2184 tam
1150 2126 1295 2196 cumulate
1315 2132 1353 2186 te-

116 2232 225 2300 stetur,
249 2243 329 2307 quam
351 2225 499 2305 Aepusto
525 2226 726 2286 Treuirorum.
770 2225 884 2287 Deinde
906 2228 1023 2287 codices
1046 2229 1070 2287 si
1094 2247 1151 2288 nun
1175 2247 1212 2289 eo
1236 2249 1352 2302 numere,

116 2350 172 2413 quo
196 2328 461 2406 Argestaeum,
492 2332 584 2389 tanuen
606 2318 793 2408 perinsignes
822 2327 928 2407 habet,
958 2333 989 2391 ut
1017 2330 1064 2391 vel
1095 2332 1143 2393 hic
1173 2352 1251 2394 unus
1273 2335 1351 2396 dom-

115 2437 210 2495 mento
240 2437 302 2509 est,
333 2449 457 2512 eosque,
489 2433 571 2513 quod
597 2436 688 2508 auget
711 2432 946 2506 admirationem,
975 2435 1105 2511 magnam
1132 2441 1249 2516 partem
1282 2441 1352 2499 unius

116 2540 171 2598 viri
195 2555 284 2617 opera
305 2540 390 2618 atque
412 2535 567 2612 industria,
597 2537 996 2615 Hugunis'Wyttenbachii,
1021 2541 1214 2620 conquisitus.
1264 2540 1352 2625 Quan-

116 2650 172 2702 tum
195 2640 444 2715 autemgaudiun
466 2658 555 2698 meum
578 2638 627 2699 illu
651 2640 696 2698 die
719 2640 811 2700 luisse
832 2647 935 2719 putas,
959 2662 1042 2723 quum
1063 2640 1228 2705 milriinter
1245 2646 1351 2724 delicias

115 2745 333 2807 Treviuensium
357 2745 486 2803 versanti
506 2741 767 2822 Wyttenbaeliius,
791 2745 835 2803 cul
858 2746 911 2805 iam
933 2750 1009 2806 ante?⁴
1022 2737 1201 2808 innotus-ram
1213 2790 1225 2824 ,
1252 2745 1351 2830 etquid

118 2849 299 2926 cupidissime
322 2845 458 2906 librorum
476 2850 659 2924 expeterem,
680 2848 927 2923 significaveram,
951 2851 1039 2927 primo
1063 2847 1175 2911 habere
1197 2872 1234 2912 se
1258 2850 1350 2933 aliquid

116 2951 182 3010 milri
205 2948 354 3008 iucundum
377 2950 533 3026 repositum
566 2949 720 3023 indicavit,
750 2968 816 3010 urux
844 2953 934 3030 ipsum
964 2953 1088 3013 codicem
1119 2953 1198 3037 illum
1224 2955 1350 3017 ostendit

117 3054 220 3132 Neque
243 3051 332 3112 solum
355 3052 497 3127 ostendit,
520 3038 624 3113 sedin
647 3071 745 3113 uranus
769 3053 899 3128 tradidit,
923 3059 953 3116 et
968 3055 1088 3117 delluxit
1105 3077 1215 3119 mecum
1233 3061 1269 3120 ad
1282 3058 1351 3120 une-

117 3175 180 3216 num
202 3156 349 3235 pretiosus
372 3153 445 3214 liber
467 3152 516 3213 illu
539 3173 593 3214 uno
616 3157 736 3216 omnium
759 3153 956 3219 amoenissimo
982 3139 1127 3221 Mosellae
1151 3162 1278 3224 flumine.

182 3259 270 3320 Liber
292 3263 339 3318 est
361 3263 442 3325 totus
465 3260 492 3318 iu
516 3259 674 3325 membrana
697 3264 839 3340 scriptus,
864 3263 953 3321 io'rma
970 3264 1102 3322 maxima,
1145 3265 1278 3328 Priorem
1296 3282 1349 3345 prr-

118 3371 186 3438 tem,
210 3364 372 3444 etquidem
395 3361 485 3439 longe
516 3364 661 3423 maximam
685 3371 794 3443 partem
824 3365 907 3441 libri,
937 3372 1060 3444 occupat
1089 3366 1217 3430 Servius
1242 3372 1269 3430 in
1292 3369 1349 3428 Vir-

117 3470 226 3546 gilium.
271 3465 422 3531 att-,deest
445 3468 561 3531 initium.
612 3467 694 3548 Quod
720 3486 800 3529 ,nunc
821 3471 937 3546 primum
960 3470 1088 3530 relictum
1110 3470 1210 3532 folium
1234 3480 1298 3549 est,
1318 3473 1349 3532 io

118 3575 217 3652 incipit
232 3592 240 3632 :
254 3572 314 3653 <fiat
325 3581 359 3634 ut
369 3554 485 3655 [emaus
492 3560 576 3632 uteie
588 3576 807 3634 ureuieiuurum
815 3573 913 3657 sepes
919 3574 967 3635 dra*
974 3568 989 3633 ἓ
1000 3575 1136 3658 remulus
1142 3575 1280 3660 tudetes
1286 3594 1348 3662 quoe

118 3677 200 3758 semp
219 3676 332 3760 adesse
349 3676 458 3760 fetent.
481 3674 602 3759 useless.
617 3675 711 3736 litto.
730 3677 819 3761 mons
834 3681 867 3737 tn
880 3677 984 3757 sicilia
997 3677 1141 3759 uettucuf
1155 3681 1188 3740 in
1202 3679 1347 3743 atticauti

118 3780 175 3840 met
193 3781 331 3859 optimum
348 3780 498 3862 nascitur.
513 3779 574 3840 ,aar
589 3780 710 3864 ciuitas
723 3780 898 3864 hispanice.
922 3779 1066 3863 deposta.
1090 3781 1124 3841 td
1143 3778 1169 3842 ὅ
1182 3783 1346 3870 deposcere.

120 3883 236 3965 satieti-
248 3883 374 3961 uirpulti
385 3902 480 3963 penus
497 3901 531 3943 ee
546 3882 587 3966 qd
595 3882 672 3966 sulit
684 3887 753 3944 citu.
768 3892 798 3944 et
809 3883 919 3967 serpit.
927 3883 1042 3966 laihtais
1047 3884 1171 3965 upidue.
1186 3888 1231 3948 id.
1246 3886 1270 3951 e*
1279 3879 1347 3968 apti

120 3983 143 4046 ἕ
154 3987 210 4045 doe
221 3986 286 4045 leco
301 3986 411 4068 apibus
423 3986 533 4047 littaris
548 3986 656 4070 [alieti
672 3986 772 4065 florem
788 3986 965 4070 deposcere.
987 3988 1090 4068 Saepe
1101 3987 1166 4049 leui
1185 3992 1347 4063 (correctum

120 4091 181 4149 leui
182 4091 204 4172 s
207 4087 219 4167 )
235 4098 327 4172 etrtp3
341 4091 391 4149 laic
401 4101 551 4172 prouocat
564 4090 710 4171 rusticum
720 4091 764 4151 ud
776 4091 908 4159 deliciae
922 4092 1012 4173 'quas
1020 4098 1112 4151 amat.
1136 4093 1277 4157 Susurru
1291 4094 1347 4156 ari·

119 4195 180 4254 mut
195 4194 236 4276 qd
247 4193 285 4254 de
299 4191 416 4277 apibus
425 4194 575 4275 nuscitur.
593 4189 706 4254 nu‘tria
720 4193 792 4277 sunl
802 4214 916 4274 penora
925 4192 1184 4274 fendaturu'(sic)
1197 4199 1348 4278 frondator

122 4305 172 4380 pul
190 4295 320 4379 artures
330 4305 497 4375 amputant.
518 4300 573 4357 etc
619 4297 719 4357 Priora
740 4314 794 4357 non
819 4298 892 4357 satis
915 4297 1055 4376 expedio,
1080 4299 1134 4358 sed
1159 4306 1284 4380 apparet
1303 4320 1346 4362 ex-

120 4400 300 4476 plicationem
328 4416 397 4459 esse
425 4416 531 4459 versus
559 4402 610 4459 m.
641 4398 771 4476 liclogae
793 4397 817 4460 1.
861 4401 1019 4462 Praeterea
1047 4418 1087 4461 ex
1115 4382 1175 4464 hoc
1203 4407 1270 4486 ipso
1296 4404 1349 4464 loco

121 4509 241 4581 apparet
268 4520 337 4565 esse
361 4501 500 4566 Servium
530 4503 558 4563 iu
588 4504 689 4566 codice
717 4503 893 4587 Augustam
921 4503 1110 4571 uehementer
1139 4508 1349 4591 interpolatm
