2948 4986
288 185 291 191 ’
396 192 438 255 nn
461 191 629 255 vesunu
651 188 832 256 ennoms
854 192 993 258 urens.
1238 176 1331 293 rer

132 365 173 428 V.
196 370 250 428 86.
295 378 383 432 nnnc
401 377 472 432 noo
493 357 543 431 'nn
565 379 715 433 'numum
738 378 817 433 nino
838 380 937 433 enen
961 380 1163 437 NeVissinin
1186 380 1317 434 visent.

63 468 202 547 Occupat
222 468 376 529 stationem
394 469 421 528 io
447 467 510 528 loeo
534 469 628 529 edito:
663 469 718 531 lroo
741 476 803 546 est,
828 469 912 547 fingit
934 489 968 531 se
991 487 1143 549 oeeupare.
1189 467 1244 553 Qui
1268 469 1315 530 lo-

63 590 137 647 eus,
163 570 305 634 tumulum
327 572 401 633 dielt
421 569 511 647 Cato,
542 573 575 632 in·
600 578 682 651 porte
711 573 777 650 agri
801 570 951 635 Cotonionl
980 571 1114 635 <extreme¹
1138 575 1212 634 sitos
1242 576 1314 633 eret.

62 692 129 734 nom
152 676 329 754 pertinuisse
351 675 442 735 loenm
464 676 500 735 ad
523 694 623 752 agrum
648 675 784 754 Catonis,
807 694 863 738 oon
880 678 973 737 inisse
991 680 1074 738 extro
1093 676 1166 736 lines
1179 675 1316 751 Catonis,

63 796 104 838 ex
131 797 161 837 v.
177 783 229 840 iii.
252 777 440 855 intelligitur,
464 779 511 840 ubi
533 786 621 857 poeto
644 778 764 858 eope-llis
788 779 892 857 pabola
915 781 978 840 eius
1001 779 1114 853 tumuli,
1139 779 1205 856 vel,
1228 785 1259 840 ut
1275 780 1314 841 ilii

62 882 154 956 dicit,
176 884 302 957 montio,
333 892 407 943 noea
434 881 619 946 commendat.
664 883 702 944 lit
725 883 866 945 credibile
887 888 948 960 est,
977 884 1051 963 upud
1080 884 1154 943 lione
1182 882 1313 944 tuorolum

63 991 156 1047 totum
180 1002 291 1045 momen
314 987 389 1046 oooi.
433 987 500 1070 lltsi
523 1004 616 1068 oeque
638 985 711 1048 loeo
733 988 864 1049 insuavis
887 990 982 1064 imago
1005 989 1073 1063 orit,
1103 988 1128 1047 si
1151 987 1217 1067 quis
1240 1005 1313 1064 poe·-

63 1091 123 1150 tnur
146 1088 264 1164 longius
285 1087 460 1171 longiusque
482 1091 620 1151 recedere
642 1093 717 1152 inter
740 1092 895 1151 canendum
918 1094 1041 1169 statuat,
1064 1091 1114 1150 sed
1131 1089 1314 1169 pedetentim.

64 1191 116 1253 nn
140 1190 197 1253 lruo
218 1182 422 1261 sutem'versu
445 1212 538 1274 nsque
564 1194 600 1254 od
628 1193 710 1255 finem
738 1195 871 1256 oureuinis
898 1194 1059 1273 persistere
1085 1195 1112 1254 in
1135 1211 1242 1253 sunmro
1265 1198 1313 1254 tu-

62 1294 156 1368 unio,
181 1295 251 1356 loe.
274 1282 363 1374 eolle,
386 1299 452 1369 slve
475 1302 505 1358 ut
527 1318 558 1357 v.
578 1303 629 1359 iii.
652 1298 738 1376 dicit,
761 1309 874 1374 monte,
898 1299 1040 1377 poenum
1064 1301 1119 1359 est
1146 1296 1246 1372 Hine,
1266 1297 1313 1357 io-

63 1400 142 1481 quit,
171 1399 210 1462 de
237 1400 347 1462 tumulo
366 1397 478 1467 ,visam
506 1404 678 1463 novissima
704 1422 780 1463 rura
808 1422 893 1477 noea,
926 1403 944 1461 i.
969 1419 997 1462 e.
1028 1406 1183 1462 extremum
1211 1418 1313 1476 ugrum

64 1522 165 1564 meum.
204 1502 304 1565 Omnis
327 1503 425 1564 visere
449 1505 501 1564 iem
525 1523 580 1566 non
604 1508 718 1585 potest3
747 1507 777 1565 et
799 1523 884 1581 mox,
907 1505 932 1564 si
955 1503 1075 1564 ulterius
1097 1502 1218 1578 obierit,
1237 1498 1313 1561 'nino

63 1625 97 1667 se
121 1607 249 1667 visurum
279 1625 346 1667 esse
369 1607 449 1668 diolt.
494 1610 667 1669 nouissima
694 1626 730 1669 eo
760 1607 858 1678 modo,
887 1626 944 1688 quo
972 1626 1055 1668 ome
1077 1608 1224 1685 ooooptum
1247 1609 1311 1680 est,

63 1710 117 1768 ism
139 1711 256 1787 sooepit
270 1709 392 1786 lindius,
415 1709 467 1769 sod
491 1710 569 1772 oddit
591 1713 663 1771 duas
684 1712 756 1772 elles
780 1710 1007 1790 explicationes,
1030 1728 1144 1790 quorum
1169 1727 1222 1769 unu
1244 1712 1313 1786 apin
1413 1721 1420 1741 ⁸

63 1817 109 1873 est
131 1813 165 1873 od
190 1830 306 1873 versum
322 1814 375 1875 eo.
407 1801 476 1894 Epo
498 1818 598 1876 vistim
619 1815 690 1903 dine
712 1846 752 1858 -·
775 1835 841 1876 mea
863 1833 940 1875 rura
961 1817 1140 1876 novissima.
1164 1818 1184 1875 i.
1208 1823 1312 1876 eoire-

63 1935 125 1978 rron
146 1915 227 1996 fines
248 1933 363 1977 enrmn:
387 1927 442 1980 aut
458 1923 559 1980 visam
580 1922 761 1980 nouissima.
784 1922 806 1979 i.
829 1922 997 1981 novissime
1013 1926 1068 1980 aui
1083 1920 1250 1980 novissimo
1273 1915 1314 1978 de

63 2019 175 2081 tumulo
196 2028 266 2080 meo
284 2041 369 2082 rura.
473 2060 482 2069 ι-
654 2036 657 2040 ·
989 2018 991 2022 ’

122 2122 211 2184 Hine
239 2125 268 2183 in
290 2124 362 2183 mels
384 2122 531 2201 omnibus,
563 2123 658 2185 nullus
684 2124 757 2186 Hie.
802 2124 911 2186 liloneo
941 2130 1041 2186 eontra
1068 2124 1233 2202 Heinsium,
1261 2123 1311 2203 qui

64 2226 146 2288 Hine
168 2227 314 2305 proprium
337 2244 405 2287 esse
422 2227 540 2288 ,lidius
557 2229 687 2305 puniat.
721 2228 805 2313 liene
823 2227 1152 2290 voleliotBoxlroroius.
1196 2225 1312 2287 Deinde

65 2332 182 2394 wmulo
204 2331 306 2392 vitium
330 2335 379 2403 est
399 2331 627 2410 editorumunte
650 2332 789 2410 Aldinos,
818 2333 941 2414 itemque
971 2333 1141 2418 scriptorum
1164 2331 1312 2391 reeentio'-

64 2454 133 2497 rum.
169 2435 223 2495 sed
251 2435 363 2497 tumulo
394 2438 441 2496 est
467 2436 495 2496 in
525 2434 877 2516 seriptisunthoiorilus
906 2435 1052 2512 omnibus,
1082 2434 1111 2492 in
1134 2431 1313 2511 Mutinensi,

64 2538 152 2616 virg.
179 2539 265 2614 Aldl,
288 2538 377 2600 Tnur.
403 2544 495 2602 1518.
520 2539 648 2627 Assem.
672 2536 787 2600 iiiii.
818 2541 848 2599 et
871 2539 899 2599 lo
923 2536 1055 2616 exemplo
1079 2537 1160 2616 lips.
1184 2535 1224 2596 V.
1248 2536 1272 2597 L
1296 2554 1314 2597 e

61 2660 143 2704 manu
167 2641 269 2704 Glosn.
315 2643 353 2704 nt
382 2643 493 2703 remulo
523 2660 579 2702 ooo
603 2641 693 2702 solum
716 2640 823 2720 Badius
847 2634 983 2716 legebat,
1006 2644 1036 2700 ut
1059 2640 1144 2725 docet
1166 2641 1313 2719 expositio
1368 2650 1375 2661 ⁴

62 2746 145 2823 eius,
176 2747 336 2833 sedetiam
359 2747 426 2807 ante
450 2744 568 2809 Badium
591 2745 749 2806 Domitius:
780 2743 946 2823 intelligunt
969 2744 1043 2804 enim
1066 2743 1217 2818 tumulum,
1247 2745 1315 2804 slve

61 2849 245 2928 sepulerum,
268 2851 420 2911 Bienoris:
443 2844 485 2910 'de
508 2867 565 2929 quo
587 2865 686 2910 errore
715 2850 752 2908 ei.
777 2846 851 2907 inira
875 2844 995 2908 dicende
1018 2847 1103 2909 Diss.
1126 2847 1151 2909 1.
1194 2846 1241 2908 De
1262 2865 1312 2909 se-

60 2950 162 3030 pulcro
178 2953 328 3029 eogitnlrnt
351 2953 435 3014 etium
457 2951 608 3034 aliquando
624 2952 811 3021 Burmannus,
826 2956 856 3012 et
871 2955 1062 3012 annotaverat
1077 2951 1182 3026 locuni,
1202 2952 1238 3012 'ut
1258 2958 1314 3012 tum

61 3056 233 3131 videbatur,
257 3055 392 3134 similem,
415 3054 507 3119 Antii.
531 3056 595 3118 Lot.
618 3055 672 3117 1v.
697 3078 802 3115 cccov.
833 3055 884 3115 sed
914 3061 993 3135 reete
1022 3061 1110 3116 mutat
1132 3056 1314 3116 sententium.

126 3170 157 3221 te
185 3160 297 3220 tumulo
324 3160 433 3234 llledio.
479 3158 512 3220 ln
542 3160 717 3234 Augustum»
753 3161 809 3220 ito:
835 3159 1068 3220 ‘detumulamue
1096 3180 1192 3221 arura
1224 3179 1253 3220 n.
1283 3180 1313 3219 u.

60 3268 181 3325 viseum
204 3263 268 3324 cod.
292 3264 487 3329 Petenissos,
512 3267 639 3324 testante
663 3263 783 3323 Heinsio
807 3263 841 3322 nd
866 3249 902 3323 v(
920 3267 973 3323 80.
1012 3266 1112 3324 nisam
1141 3263 1235 3324 Puris.
1259 3261 1312 3323 iv.

61 3369 187 3444 Signum
217 3367 416 3443 interrogandi
448 3367 554 3427 odiloni
578 3364 675 3442 ¹Angl.
707 3366 835 3429 Romano
863 3366 888 3427 i.
916 3365 993 3428 Ven.
1022 3365 1128 3428 Achai.
1166 3369 1196 3427 et
1224 3383 1313 3444 nuper

61 3470 230 3545 Arnoldns,
254 3470 489 3546 Wernsdorlius,
513 3468 678 3546 Putsolrios.

124 3676 165 3739 V.
190 3678 243 3739 Sl·
288 3690 375 3744 lllNG
392 3690 451 3743 llll)
469 3690 509 3744 ΙΝ
523 3691 671 3746 Sihvns:
689 3691 904 3745 diis'iriiiiili'i'
922 3691 990 3744 irini
1007 3691 1089 3743 Mllll
1107 3689 1259 3745 COlrlrllS.

127 3783 210 3844 Hine
232 3780 281 3843 ilo
304 3785 334 3842 in
356 3775 475 3862 silvas]
517 3781 735 3858 interrogative
766 3799 818 3841 seu
843 3778 1097 3858 ἐρῶκηματικιὸς
1125 3780 1198 3841 haec
1220 3781 1315 3840 omnio

62 3885 190 3963 legenda
210 3891 289 3947 sunt
332 3884 627 3966 Neomilrl,inqu1t‚
658 3885 738 3946 odire
768 3884 870 3947 licebit
899 3901 1032 3964 tenipus,
1064 3890 1193 3964 tunquam
1222 3881 1313 3945 oolles

62 3989 129 4050 milri
152 3989 289 4066 obstent,
312 3992 361 4050 out
382 3983 516 4050 moutes't
539 3994 678 4065 scithia.
703 3984 962 4066 ῥητορικώτερον
978 4008 1060 4071 poam
1073 4008 1126 4069 pro
1143 3988 1199 4051 lnoe
1215 3997 1312 4067 poeto.

62 4092 259 4172 Simpliciter,
282 4093 346 4153 siue
367 4093 615 4169 interrogationes
638 4093 664 4152 si
687 4091 805 4170 longius
821 4093 935 4163 obiero,
955 4094 1063 4174 inquit,
1081 4094 1192 4153 venium
1211 4094 1238 4153 iu
1257 4091 1311 4152 sil-

61 4215 133 4274 vas,
157 4194 317 4270 slmiles,
341 4197 471 4272 montes,
502 4195 676 4271 oisonem,
708 4199 858 4278 quominus
881 4198 1055 4277 completum
1077 4214 1193 4275 esmpos
1215 4213 1311 4256 meos:

62 4318 137 4363 vooe
160 4303 267 4361 tontum
289 4299 436 4374 nttiogere
455 4315 535 4358 meos
557 4315 689 4378 compos.
711 4300 805 4382 iisque
826 4298 1010 4362 vole-dicere
1028 4304 1147 4380 potero,
1170 4316 1225 4361 non
1245 4299 1312 4358 item

61 4404 166 4466 oeulis.
196 4401 294 4486 Quore
315 4402 467 4481 persistam
489 4400 697 4483 aliquantisper
718 4406 747 4465 in
769 4402 825 4465 hoo
844 4402 932 4476 colle,
957 4404 1024 4466 sive
1043 4403 1165 4479 tumme,
1188 4406 1219 4463 ut
1237 4421 1311 4464 oeu-

61 4506 97 4569 lis
121 4508 237 4571 videun
260 4524 394 4587 campos,
417 4506 481 4568 dum
505 4506 570 4569 nole
591 4507 665 4571 diuo.
749 4507 904 4587 Sooligero
927 4510 1079 4591 obsequuti
1101 4506 1311 4583 interrogatio·
