2946 4988
384 198 428 260 m
456 200 621 262 vnnnnn
645 197 826 262 cunonis
847 200 987 266 ornus,
1252 208 1303 277 15
1329 185 1331 188 ’

53 370 179 447 agebat.
210 371 287 432 llsse
307 375 399 433 autom
419 389 532 432 scenam
550 373 695 446 carminis,
720 378 749 434 ut
766 372 841 448 dixi,
859 375 888 434 in
904 393 979 452 agro
996 373 1132 452 Catonis,
1157 374 1204 437 vel
1224 375 1302 437 levi-

54 479 104 536 ter
126 475 295 554 inspicienti
313 473 370 536 lroc
389 492 501 537 carmen
517 476 638 554 patebit.
677 475 793 553 liores,
810 476 930 555 silvam,
948 481 1040 539 omnia
1055 478 1209 560 alloquitur
1227 484 1301 541 tom-

53 568 333 660 quam'praesentla.
364 579 491 653 Deinde,
515 579 590 659 quod
612 579 742 658 perbene
765 581 924 641 institutum
948 588 1009 659 est,
1032 585 1125 643 omnia
1148 601 1203 643 uno
1227 588 1301 644 tem-

52 672 141 762 poris
159 685 315 760 momento,
332 681 383 743 vel
399 684 494 761 spallo
510 683 700 759 brevissimo,
718 681 948 762 comprehendit,
965 703 1000 744 eo
1017 687 1143 766 quidem,
1166 687 1241 767 quod
1264 687 1300 747 ad

54 785 291 846 commovendam
313 786 524 847 miserationem
546 787 740 865 aptissimum:
764 786 851 862 lingit
873 767 946 848 enirn
969 789 1063 849 omnia
1085 807 1102 850 a
1122 808 1157 850 se
1174 790 1301 852 abeunte

54 891 133 951 cani.
158 890 196 952 cl.
218 909 249 953 v.
266 889 324 951 ¹Sl.
348 893 382 978 et
399 888 455 954 86.Ι
475 908 540 971 sqq.
628 888 762 970 Denique
784 891 878 951 omnia
900 893 952 968 agi
974 910 1034 953 cum
1051 893 1184 956 Battaro
1202 893 1299 971 lingit.

123 1095 187 1158 Sed
210 1097 369 1160 Bottorue‘
388 1100 452 1180 quis
475 1093 604 1177 tandems,
627 1101 675 1159 aot
697 1097 763 1177 quid
785 1093 859 1160 roret
902 1097 949 1161 Dc
971 1117 1007 1160 eo
1029 1099 1208 1161 incredibilis
1230 1101 1299 1180 opi-

52 1203 171 1261 nionum
194 1202 332 1264 varietas.
364 1201 567 1283 Antiquissimi
583 1203 773 1280 interpretes,
791 1201 966 1281 Pomponius
990 1203 1133 1277 Sabinus,
1154 1201 1299 1264 Domitius

54 1302 247 1384 (intulerimus,
263 1303 325 1368 lod.
338 1304 447 1366 Badius
467 1306 649 1382 Ascensius,
672 1304 807 1368 arborem
824 1307 917 1367 luisse
929 1306 1074 1368 Battarunr
1092 1307 1297 1380 conridebant,

54 1411 86 1469 et
109 1407 223 1488 quidem
245 1409 351 1489 sapum
374 1420 414 1469 ex
434 1407 554 1484 Virgilii
576 1407 690 1484 Eulogo
717 1413 742 1471 1.
788 1407 851 1491 Qua
873 1410 963 1470 dere
992 1411 1066 1470 satis
1089 1409 1177 1471 semel
1200 1428 1298 1488 expo-

54 1512 158 1588 611666,
181 1512 230 1572 uhi
252 1516 381 1574 veterem
403 1511 526 1572 fabulam
550 1512 585 1572 de
597 1511 722 1587 Virgilio
738 1512 869 1572 Diuorum
892 1516 1010 1573 auctore
1032 1531 1151 1588 enarro,
1174 1513 1257 1573 Iliss.
1272 1511 1297 1573 l.

54 1615 161 1676 Fuisse
182 1617 267 1677 etiam
283 1618 344 1698 'qui
371 1623 469 1678 uicum
498 1613 693 1694 intelligeret,
723 1615 888 1677 eDomitio
916 1618 1119 1693 cognoscitur,
1148 1618 1229 1677 ouius
1256 1617 1298 1677 11ιί

54 1719 148 1779 verba
164 1721 298 1798 apposui.
330 1720 380 1782 nn
401 1719 512 1781 illorum
534 1720 645 1780 ratione
668 1718 753 1778 haud
765 1719 853 1796 longe
873 1720 934 1782 abit
950 1719 1057 1781 Glossa
1070 1720 1200 1781 Venetae
1218 1718 1297 1781 lens.

55 1839 128 1903 quae
150 1823 264 1885 silvam
282 1822 347 1885 vult
365 1842 434 1884 esse
453 1825 607 1885 Battarum.
642 1819 682 1882 Ut
701 1822 729 1881 in
747 1824 887 1902 principio
905 1825 1052 1884 carminis:
1076 1823 1113 1884 ln
1128 1843 1205 1903 apro
1227 1825 1298 1887 Vir-

54 1927 172 2006 pr'liauo
193 1937 263 1990 erat
285 1928 371 1989 silvo
394 1931 509 1989 nonriae
532 1926 694 2000 doctorem,
718 1928 907 1988 indecorem
929 1927 1017 1999 locis
1041 1930 1297 1991 166εά661666-

55 2041 143 2091 oata.
186 2030 300 2092 Rursus
323 2029 461 2109 Scaliger
479 2031 605 2110 pluuium
628 2047 696 2090 esse
718 2030 864 2091 Battarum
887 2032 1043 2092 censebat:
1076 2051 1156 2113 quam
1179 2033 1297 2110 opinio-

56 2155 117 2197 nem
141 2135 283 2216 qu'omodo
314 2135 517 2211 exornaverit,
535 2123 638 2214 'iprum
667 2134 764 2194 audire
791 2152 898 2213 operae
924 2137 1044 2214 pretium
1075 2127 1121 2197 cst
1148 2135 1182 2196 66
1212 2156 1242 2196 v.
1269 2141 1296 2197 1.

60 2237 127 2301 (lum
150 2236 309 2323 scaligero
337 2238 446 2299 iaciunt
468 2237 652 2299 Boxlrornius
675 2237 716 2297 ad'
732 2257 764 2298 v.
777 2242 839 2298 ·36.
886 2238 1052 2300 Scriverius
1074 2258 1121 2318 ap.
1137 2231 1295 2301 Burmann.

10 2362 14 2437 p
60 2343 92 2402 ad
108 2363 140 2404 v.
154 2348 225 2421 93„
248 2340 406 2402 Arnoldus.
429 2341 467 2403 N.
490 2342 629 2402 Heinsius
651 2340 686 2400 ad
710 2362 740 2405 v.
756 2346 808 2403 29.
822 2347 872 2406 33.
889 2345 919 2403 61
932 2346 984 2406 36.
1008 2343 1044 2403 66
1066 2344 1146 2404 colle
1167 2343 1295 2419 cogitat3

10 2446 15 2551 'p
60 2446 104 2506 vel
128 2448 220 2525 ipsam
241 2445 349 2507 villam
372 2445 494 2508 Catonis
522 2447 625 2504 dictam
654 2446 746 2505 luisse
770 2446 923 2545 Baliarum.
969 2445 1127 2506 Audiamus
1150 2447 1233 2506 etiam
1255 2445 1296 2506 16.

10 2556 17 2591 l
61 2549 209 2628 Vosslum,
234 2551 282 2630 qui
303 2551 331 2609 lo
349 2548 480 2627 exemplo
504 2549 638 2609 editionis
656 2547 769 2624 Scalig.
788 2551 878 2610 1613.
895 2548 968 2629 quod
985 2549 1092 2611 Leidue
1109 2552 1294 2626 asservatur,

61 2653 92 2714 ad
115 2654 337 2732 disputationem
355 2651 501 2728 Scaligeri
520 2671 604 2728 eam,
621 2671 677 2734 qua
697 2670 812 2713 versum
826 2655 877 2713 61.
902 2654 1048 2713 convertit
1070 2654 1099 2713 in
1121 2672 1180 2713 rem
1202 2672 1296 2719 suam,

15 2780 18 2785 ·
60 2755 129 2817 laec
150 2742 323 2835 adscripsit:
347 2762 403 2819 imo
424 2776 508 2818 mone
528 2759 648 2838 potius,
671 2775 739 2816 nom
762 2759 910 2839 sequitur,
933 2756 1015 2818 Nom
1031 2757 1087 2818 tili
1105 2767 1176 2818 eunt
1192 2757 1296 2837 fontec

60 2861 112 2923 rili
132 2861 259 2943 fiumina
281 2881 398 2941 semper
420 2863 530 2921 66666.
566 2862 630 2924 Sed
651 2869 784 2921 neutrum
806 2876 909 2922 uerum
930 2880 1003 2922 ecce
1022 2871 1108 2942 puto.
1144 2858 1227 2942 Quae
1249 2863 1297 2922 est

18 2976 23 2993 ¹
59 2965 134 3026 laona
156 2964 337 3026 observatio.
369 2964 495 3025 Videbat
507 2965 636 3026 Vossius
653 2980 768 3024 versum
785 2966 837 3024 ol.
860 2981 917 3024 non
939 2963 975 3024 ad
993 2963 1208 3024 confirmandam
1225 2980 1297 3023 sen-

20 3134 23 3161 Ι
44 3071 173 3148 tentiam
195 3067 358 3145 Scaligerl‚
381 3067 433 3127 sed
457 3067 492 3127 66
515 3066 691 3128 refutandam
715 3069 818 3128 iactum
840 3085 919 3127 esse.
952 3068 987 3129 Si
1011 3069 1084 3128 enim
1106 3069 1170 3146 lpse
1192 3066 1298 3127 liuvlus

60 3174 162 3233 luisset
177 3172 331 3248 Buttarus,
354 3189 410 3231 non
432 3171 488 3232 lroc
509 3176 679 3250 precaturos
701 3176 763 3232 erat
787 3170 878 3233 Cato:
904 3172 1047 3248 Boccare,
1070 3153 1246 3253 fluminibus
1263 3181 1296 3233 ιιι
1399 3157 1405 3165 ’

60 3287 180 3338 nostroe
203 3258 295 3336 trade
316 3275 455 3353 dolores,
484 3275 535 3336 sed
560 3274 632 3350 lroc,
662 3276 692 3334 ut
719 3275 784 3352 ipse
805 3276 913 3354 primus
942 3278 1102 3337 incurreret
1130 3260 1169 3334 in*
1187 3292 1298 3351 agrum.

20 3434 23 3457 ,
60 3377 215 3440 Praeterea
226 3378 380 3456 Vosslum,
403 3378 469 3460 quid
487 3381 692 3450 detumescet,
717 3379 773 3439 etsi
787 3396 842 3438 non
858 3379 942 3456 dicit,
965 3382 1097 3440 sensisse
1116 3383 1209 3440 tamen
1226 3395 1299 3438 con-

61 3483 135 3544 11616.
178 3480 300 3544 Scilicet
320 3483 415 3544 mirari
437 3483 518 3544 lubet
540 3487 584 3543 tot
606 3487 635 3543 ct
657 3485 800 3543 tantorum
817 3482 942 3543 virorum
960 3483 1081 3557 indicia,
1104 3482 1297 3563 quaerentium

20 3574 23 3585 '
61 3585 222 3649 Baliarum
244 3586 350 3648 intuta
372 3605 461 3647 rerum
478 3589 596 3663 natura,
620 3585 689 3646 illud
705 3603 760 3645 non
777 3587 947 3663 videntium,
965 3587 1039 3667 quod
1058 3584 1296 3664 simplicissimum

63 3693 130 3752 eret.
165 3689 262 3751 Homo
285 3693 332 3751 ert
353 3690 516 3759 Batturus.¹
536 3689 569 3751 ld
593 3708 666 3751 unus
689 3690 782 3750 sensit
803 3695 889 3770 atque
911 3682 1050 3750 indicavit
1072 3689 1166 3749 obiter
1184 3687 1230 3747 Fr.
1247 3686 1298 3747 lo-

64 3794 177 3855 colrsius
198 3792 348 3873 praeclara
370 3792 420 3854 illa
441 3793 637 3873 disputatione
660 3793 694 3852 66
717 3791 827 3855 Valerii
850 3790 971 3854 Catonis
992 3793 1082 3854 Diris.
1113 3791 1196 3872 Quod
1215 3809 1298 3871 unurn

65 3895 140 3976 dico,
173 3915 229 3958 non
258 3915 337 3975 nego
365 3897 393 3956 in
423 3897 521 3958 eadem
549 3915 715 3979 quemquam
743 3886 809 3958 antc
836 3895 996 3957 lacolrsium
1026 3896 1168 3958 sententia
1196 3896 1298 3954 luisse.

65 3997 158 4062 Veluti
179 4000 304 4062 Heinsio
326 4002 436 4080 scripto
457 4001 492 4061 a'd
517 4020 631 4062 versum
659 4006 685 4064 l.
708 4019 791 4081 quum
814 3999 883 4076 lego
906 4017 940 4061 ac
961 4000 1117 4078 perpendo,
1144 3999 1299 4059 veritatem

65 4103 244 4166 obversatam
266 4122 336 4166 esse
357 4105 414 4166 ista
436 4105 576 4167 scribenti
598 4105 731 4187 dixerim,
753 4122 917 4184 quamquam
939 4103 997 4164 alio
1019 4088 1147 4181 tempore
1164 4102 1201 4162 de
1221 4102 1299 4163 colle

66 4209 211 4284 cogitavit.
258 4208 372 4269 lleinde
393 4196 440 4270 est
463 4207 570 4289 aliquid
592 4206 718 4269 lacolrsii
745 4209 907 4269 sententiae
929 4206 1023 4268 simile
1046 4207 1073 4266 lu
1096 4207 1231 4285 opinione
1253 4203 1296 4264 lo.

67 4305 170 4372 (ilrist.
188 4312 402 4390 Wcrnsdorlii,
432 4313 469 4374 66
491 4311 558 4376 Val.
584 4309 704 4389 Catonis
725 4312 807 4373 Diris
829 4312 961 4373 Prooem.
985 4332 1015 4391 p.
1038 4329 1117 4370 narn.
1141 4326 1222 4389 sqq.,
1246 4306 1298 4367 sed

69 4409 92 4474 ii
114 4415 219 4475 mirum·
240 4415 270 4475 in
296 4415 407 4477 modum
434 4415 576 4478 deflexum
606 4420 637 4478 et
662 4415 853 4477 deformatum.
905 4415 1105 4476 Wernsdorlio
1128 4415 1298 4488 Beriarac,

71 4512 238 4602 timeor,
260 4528 407 4602 eupator,
431 4519 1011 4602 6161666,66666661616666666666
1033 4523 1139 4601 poetae
1162 4514 1300 4593 alicuius,
