2948 4986
160 191 239 264 eal
285 180 297 198 “
545 230 549 237 Δ
620 184 897 291 υιεειιιιιιιιο
916 184 971 251 ιιι.

163 352 307 444 informe,
331 321 465 442 impero:
482 361 575 440 dixit,
605 360 754 424 cumulatis
777 361 910 424 consulto
932 362 1127 441 elisionibur,;
1158 368 1321 426 extremum
1343 383 1404 426 ver-

163 488 223 528 sum
246 466 350 527 leniter
383 464 507 526 detinere
537 464 640 527 iubet:
669 469 719 527 coi
749 467 845 552 lumea
873 467 1037 546 adoreum,
1066 467 1131 529 sine
1162 465 1297 529 elisionis
1325 487 1400 530 mora

164 569 336 653 Quamquam
362 569 406 645 sl,
440 568 585 630 sententia
627 567 707 630 illato
734 567 806 637 alia,
835 569 875 628 ita
903 570 1035 656 scribere
1067 568 1199 647 Virgilio
1232 569 1399 651 placuisset:

163 675 340 737 Monstrum
366 673 558 750 torrendum,
588 674 731 754 informe,
763 677 887 752 imperes,
917 675 968 734 cari
997 674 1107 736 lumime
1135 675 1262 737 ademto
1285 683 1338 736 etc.
1359 675 1396 737 vcl

163 779 260 848 etiam,
285 782 335 839 cui
355 777 469 838 luminu
491 777 632 847 ademta,
667 795 703 837 ue
733 775 788 837 boc
817 777 928 857 quidem
952 777 1100 858 quisquam
1121 780 1229 840 merito
1254 775 1394 858 repreben-

162 881 253 943 deret.
299 878 436 956 Omnino,
456 879 518 940 dum
535 885 637 958 reputo
655 881 761 957 omnia,
784 898 840 941 noo
861 880 989 941 idoneam
1005 883 1216 961 temperantiae
1232 901 1306 944 suae
1321 901 1393 944 caus-

161 1003 220 1046 sam
241 983 380 1045 babuisse
403 975 558 1058 Virgilium
581 982 773 1064 Ovidiumque
796 1000 923 1063 censeo,
953 1001 988 1047 ac
1009 1002 1129 1064 vercor,
1159 1003 1197 1047 ne
1219 986 1299 1048 iusto
1319 1004 1392 1048 sevc-

160 1091 254 1150 riores
276 1089 398 1162 fuerint,
422 1087 543 1147 maxime
566 1084 704 1147 Ovidius.
751 1087 785 1149 Si
809 1088 881 1148 euim
906 1105 1004 1149 verum
1026 1092 1088 1159 est,
1119 1091 1152 1150 ut
1172 1089 1293 1150 videtur
1311 1107 1390 1150 verum

161 1210 244 1268 csse,
267 1184 342 1273 quod
366 1189 478 1253 Gellius
500 1190 587 1253 tradit
609 1194 664 1251 tam
688 1189 812 1279 diserte,
837 1172 966 1250 suavem
979 1189 1084 1252 bomini
1106 1191 1241 1253 Romarm
1265 1191 1390 1254 elisionem

161 1298 272 1368 luisse,
296 1293 388 1375 qualis
410 1297 457 1354 cst
479 1293 553 1371 apud
578 1292 719 1370 Catullum
743 1294 864 1356 ebrioso
886 1297 997 1372 omno,
1027 1311 1083 1355 oon
1114 1294 1308 1373 intelligitur,
1333 1315 1389 1378 quo-

160 1400 242 1461 modo
265 1417 301 1460 ea
320 1396 453 1459 molesta·
466 1397 558 1458 videri
582 1398 708 1478 cuiquam
732 1398 759 1457 iu
787 1397 863 1475 pede
884 1415 990 1457 versus
1013 1398 1125 1471 beroici
1144 1400 1252 1480 quinto
1274 1401 1389 1479 potuerit,

160 1508 209 1565 aut
231 1520 283 1577 cur
299 1521 334 1563 eu
356 1506 410 1562 tam
433 1501 573 1581 pudenter
603 1507 633 1562 et
655 1519 720 1562 raro
744 1520 813 1561 usus
836 1503 876 1562 sit
898 1499 1034 1562 Ovidius.
1088 1501 1175 1580 Nisi,
1206 1503 1285 1584 quod
1312 1520 1389 1583 paron

78 1641 80 1644 ⁴
161 1606 319 1682 credibile,
349 1622 453 1685 magua
476 1606 611 1686 quaedam
641 1605 764 1681 Augusti
788 1607 885 1666 aetate
914 1605 1178 1683 pronunciationem
1210 1607 1324 1669 latinam
1342 1627 1390 1668 ιιι-

161 1711 231 1772 tatio
254 1727 288 1770 ae
310 1708 488 1788 perturbatio
511 1700 669 1777 invaserit,
693 1709 794 1790 utqui
818 1707 1001 1787 sonipaullo
1023 1715 1090 1768 ante
1108 1710 1207 1787 poetis
1230 1709 1391 1790 placuissent

161 1814 328 1888 veteribus,
352 1814 382 1872 et
404 1829 461 1872 non
482 1810 568 1873 multo
591 1816 659 1890 post
681 1830 780 1872 rursus
803 1810 937 1891 placuere.
961 1810 1046 1873 Gellii
1069 1816 1184 1883 aetate,
1209 1814 1391 1894 displicuerint

160 1915 329 1997 aequalibus
351 1915 472 1993 Virgilii
497 1919 583 1998 atque
605 1914 714 1977 Ovidii.
759 1915 824 1976 Nou
848 1914 973 1975 diffiteor
995 1919 1104 1991 tamen,
1127 1919 1160 1981 „si
1192 1919 1272 1980 forte
1302 1926 1390 1998 poetae

160 2021 336 2082 recentiores
358 2020 441 2080 nimis
464 2021 550 2080 auxie
571 2020 682 2080 versati
705 2037 773 2080 esse
796 2019 825 2079 in
848 2017 972 2079 elisione
995 2018 1166 2096 videantur,
1190 2026 1312 2084 veteres
1332 2041 1391 2101 poe

160 2130 205 2184 tas
228 2142 318 2203 posse
339 2123 476 2185 interdum
499 2117 581 2184 nimis
603 2121 733 2183 elisiuuis
755 2121 877 2201 cupidos
898 2122 1001 2183 videri.
1047 2122 1186 2199 Scilicet,
1210 2132 1244 2186 ut
1267 2145 1342 2188 omne
1356 2127 1391 2186 nl-

159 2230 242 2288 mium
265 2232 366 2305 uocet,
389 2226 540 2306 displicet,
562 2226 757 2308 lectoremque
780 2227 903 2303 fatigat,
926 2244 1009 2307 quum
1032 2233 1123 2306 saepe
1138 2229 1243 2290 eodem
1258 2229 1321 2292 loco
1336 2247 1391 2290 cer-

159 2335 235 2393 nitur
258 2333 356 2403 elisio,
380 2332 500 2391 maxime
523 2349 605 2412 quum
628 2331 653 2390 is
675 2322 956 2409 loeus'conspieuus'
978 2334 1039 2397 est.
1074 2335 1104 2393 et
1127 2333 1216 2394 iacile
1240 2335 1351 2396 incurrit
1369 2335 1391 2392 iu

160 2436 282 2515 oculos,
311 2440 341 2498 ut
376 2439 423 2497 est
451 2453 505 2513 pes
535 2437 649 2515 quintus
675 2452 782 2494 versus
814 2433 985 2496 hexametri.
1036 2433 1159 2497 Catonis
1193 2437 1326 2518 exempla
1352 2436 1392 2496 illa

159 2545 266 2616 utrum,
289 2540 320 2600 ut
342 2539 441 2600 verbis
463 2543 527 2599 utar
543 2535 646 2614 Gellii,
669 2541 774 2598 navata
797 2539 874 2616 sint,
898 2557 934 2598 au
958 2540 1089 2615 fortuita,
1107 2541 1250 2602 incertum
1269 2541 1391 2622 relinquo.

158 2642 265 2704 Restat
288 2646 318 2704 ut
340 2641 486 2715 eliciente,
516 2659 589 2723 quae
612 2643 644 2703 tit
665 2643 693 2700 iu
715 2641 790 2720 pede
813 2643 929 2721 quinto,
960 2643 1141 2704 conditiones
1163 2662 1201 2705 ac
1224 2645 1311 2722 leges
1331 2662 1392 2704 nou-

159 2744 253 2804 nullas
277 2742 699 2825 VirgilianaeOvidiauasquc.
725 2763 797 2825 quas
820 2746 930 2825 quidem
953 2746 1113 2808 observare
1135 2745 1203 2808 uribi
1229 2751 1314 2811 visus
1334 2767 1392 2822 sun,

160 2851 290 2909 iudicem.
336 2847 384 2908 Ac
406 2849 495 2925 primo
519 2867 535 2906 a
559 2847 706 2926 particulis
729 2869 807 2928 que,
832 2868 946 2930 oeque,
970 2861 1080 2934 utque,
1103 2849 1283 2917 leuissimum
1305 2857 1332 2914 et
1353 2853 1393 2912 le

160 2949 374 3013 observabilem
396 2944 489 3011 luisse
510 2952 538 3011 in
561 2951 690 3013 vocalem
714 2954 909 3032 insequentem
940 2955 1087 3013 transitum
1117 2957 1267 3018 coniicio:
1299 2959 1347 3018 vix
1370 2960 1392 3016 ut

162 3054 302 3115 numerari
332 3052 400 3114 talia
428 3053 504 3114 iuter
533 3054 665 3134 exempla
697 3055 827 3115 elisionis
856 3055 990 3117 debeant.
1043 3056 1118 3119 Sunt
1140 3062 1237 3120 autem
1260 3063 1334 3122 iuter
1352 3076 1390 3124 ca.

162 3176 235 3239 quae
258 3174 344 3235 supra
368 3157 545 3227 enumeravi,
569 3156 653 3217 multa
677 3159 825 3218 eiusmodi.
871 3158 968 3239 Saepe
987 3159 1112 3222 Ovidius
1136 3182 1195 3244 que
1215 3160 1390 3242 particulari

162 3261 309 3322 elisionem
333 3261 434 3333 utitur,
461 3262 545 3321 etiam
567 3262 594 3319 in
618 3260 682 3320 aliis
705 3280 809 3322 versus
837 3260 998 3325 hexametri
1030 3263 1128 3325 loeis:
1159 3269 1196 3346 ut
1220 3268 1250 3327 in
1279 3273 1390 3329 extremo

162 3366 237 3447 pede
258 3368 375 3446 quarto,
401 3368 430 3424 1.
448 3368 478 3426 3.
493 3367 545 3424 24.
568 3368 619 3425 33.
646 3369 716 3425 101.
743 3371 814 3427 139.
838 3365 917 3427 alibi.
961 3367 1068 3428 liudem
1091 3371 1220 3430 tortasse
1243 3372 1318 3433 ratio
1336 3385 1389 3450 par·

162 3468 268 3532 ticulae
291 3478 338 3545 et,
371 3471 402 3529 ut
433 3466 517 3529 facile
541 3466 669 3529 vocalem
699 3470 920 3547 praecedentem
943 3473 1098 3550 receperit.
1142 3472 1220 3534 Pars
1243 3492 1338 3535 eorum
1356 3472 1388 3532 lo

164 3592 280 3647 corum,
299 3573 328 3633 iu
351 3570 454 3653 quibos
477 3591 537 3654 quo
565 3570 698 3648 eliditur,
727 3572 811 3632 etiam
846 3572 928 3634 aliam
958 3575 1173 3636 excusationem
1208 3575 1299 3639 babet
1319 3577 1387 3646 banc,

165 3677 239 3757 quod
262 3676 293 3736 lit
315 3674 400 3736 elisio
423 3676 497 3736 inter
518 3673 660 3753 syllabam
689 3675 797 3752 dactyli
826 3675 942 3753 longam
971 3680 1000 3738 et
1034 3677 1155 3756 priorem
1186 3680 1325 3754 brevem,
1351 3678 1388 3739 mr

165 3778 268 3838 modo:
310 3781 572 3861 inconcessosque
609 3779 831 3860 hymenaeos,
860 3780 1183 3867 baoodocmomiosqoe
1216 3785 1387 3867 bymeaoeor.

162 3891 335 3966 pactosque
355 3883 545 3961 bpmeooeos.
591 3880 673 3964 Quae
695 3880 761 3942 mibi
783 3882 868 3943 valde
890 3878 963 3944 leuis
986 3890 1072 3966 atque
1092 3888 1241 3949 commoda
1258 3889 1342 3950 elisio
1358 3884 1388 3946 vl

165 3987 269 4046 detur:
302 3986 333 4044 ut
352 3987 437 4046 mirer
460 4003 495 4046 ca
516 4002 572 4046 nou
594 3984 713 4063 saepius
736 4004 805 4047 usos
835 4005 903 4048 esse
926 3987 1080 4065 Virgilium
1103 3994 1134 4052 et
1154 3989 1302 4054 Ovidium.
1345 3986 1388 4052 Sol

165 4092 290 4150 tortasse
313 4089 477 4166 timuerunt,
508 4107 545 4150 ne
574 4089 650 4150 iusto
673 4089 790 4169 saepius
813 4090 841 4150 in
864 4089 986 4151 ionicum
1008 4089 1155 4155 desineret
1176 4112 1296 4156 versus.
1339 4096 1387 4156 An
1432 4149 1433 4168 ,

164 4192 264 4252 notavi
286 4196 401 4270 praeter
431 4209 483 4268 ea,
515 4193 562 4254 urbi
591 4192 674 4254 elisio
697 4192 729 4255 bt
750 4194 778 4253 in
809 4214 887 4278 que,
915 4203 1024 4276 atque,
1053 4192 1151 4256 baec:
1181 4195 1262 4258 Aen.
1286 4197 1311 4260 l.
1333 4199 1388 4258 lot

165 4297 219 4356 ille
240 4296 291 4357 ubi
318 4305 450 4356 matrem.
495 4294 547 4356 lll.
578 4300 652 4358 out.
683 4299 819 4377 periture
845 4297 1030 4360 Adamasto.
1073 4297 1143 4360 ΧΠ.
1172 4305 1249 4364 805.
1282 4305 1391 4365 misceor

165 4402 356 4481 hymenaeos.
400 4396 518 4458 Metam.
540 4397 564 4458 Ι.
589 4400 661 4460 toi.
689 4399 744 4461 ille
770 4420 826 4480 opo
855 4401 942 4463 liber.
987 4401 1068 4485 Quae
1094 4404 1170 4466 inter
1198 4406 1270 4468 duas
1299 4407 1390 4469 breves

165 4501 273 4582 dactyli
297 4500 429 4581 syllabas
450 4500 589 4593 elisiones
610 4502 698 4586 liunt,
728 4504 757 4567 in
779 4496 834 4567 duo
856 4505 1025 4572 dividuntur
1044 4523 1169 4586 genera.
1213 4507 1306 4574 Unus
1326 4505 1390 4575 tale²
