2948 4986
425 182 1017 252 muncuuouusuuscmuru.
1267 193 1346 270 Ἃρ

96 358 219 436 vimus,
241 359 296 419 uix
317 357 393 419 aliud
416 376 498 440 quum
519 356 655 421 libertina
675 360 743 437 luit,
766 363 816 423 aul
834 375 934 421 serva.
978 359 1075 443 Quare
1089 357 1222 444 [poliam
1243 367 1344 427 uerum

94 461 195 523 fuisse
218 460 331 541 puellae
353 480 451 522 nomen
462 503 473 537 ,
497 479 553 522 non
571 461 664 523 lictum
685 468 733 525 aut
756 464 914 542 poeticum,
934 482 1057 534 oensem
1100 464 1158 526 Sed
1182 465 1343 528 libertinam

93 567 246 643 praefero.
291 565 362 628 Cum
384 584 473 627 serva
495 564 621 627 tortasse
642 584 697 627 non
720 570 776 628 tam
799 566 959 629 liberaliter
981 587 1062 649 quam
1081 567 1163 630 Diris
1176 589 1207 629 u.
1223 572 1274 631 lc.
1290 571 1341 631 41.

92 686 146 730 ex.
161 674 263 731 nostra
285 669 394 730 emend.
418 670 504 748 iacit,
532 668 717 752 loquuturus,
745 688 837 752 neque
859 673 915 731 tam
937 669 1095 746 religiosus
1117 671 1236 750 luisset,
1260 691 1342 754 quam

93 791 170 835 esse
193 772 324 832 videmus
347 771 452 850 llelog.
476 792 506 834 v.
531 778 582 834 5³.
612 771 715 850 (156.)
739 791 821 856 seqq.
865 773 996 852 Deinde,
1023 775 1051 835 ln
1084 793 1140 856 quo
1174 779 1341 838 momentum

91 878 199 938 inesse
223 894 278 936 uon
301 875 366 936 leve
388 876 565 955 putaverim,
588 876 615 936 si
636 876 737 937 servili
760 877 923 940 conditione
944 879 1049 940 luisset
1070 877 1179 955 Lydia,
1208 880 1237 939 iu
1258 878 1340 941 llinis

91 977 193 1059 (lato,
225 977 391 1056 titolcato,
426 980 474 1060 qui
497 983 552 1041 tam
573 980 660 1041 anxie
681 977 897 1041 metuitsiluae
929 1000 1016 1057 suae,
1049 981 1103 1042 vix
1131 984 1341 1061 praeteriturus

90 1085 207 1146 luisset
229 1083 558 1162 immineutcmpuellae-
571 1101 642 1157 suae
664 1089 788 1159 sortem,
816 1083 914 1146 durum
935 1085 1083 1146 servitium
1104 1084 1159 1149 sub
1182 1103 1261 1147 nouo
1283 1085 1339 1148 do-

90 1188 197 1263 raino,
222 1192 268 1263 et,
292 1186 367 1268 quod
389 1187 602 1248 acerbissimum
623 1188 743 1266 amanti,
765 1185 879 1276 militem
903 1189 986 1249 etiam
998 1187 1110 1266 Lydiae
1132 1188 1217 1250 rudes
1240 1207 1338 1264 manus

90 1289 273 1351 admotorum
296 1308 373 1350 esse.
415 1289 501 1350 'Nouo
524 1289 559 1351 de
580 1287 633 1350 luis
649 1290 779 1352 omnibus
797 1288 881 1350 nibil:
904 1290 1053 1366 signifieat
1073 1293 1179 1354 tautum
1193 1310 1338 1355 remancre

91 1392 223 1471 Lydiam
245 1393 273 1452 iu
296 1411 379 1470 agro.
423 1392 512 1474 Quae
527 1391 672 1471 Scaligeri
701 1393 851 1474 aliquando
879 1395 977 1473 opluio'
998 1395 1078 1479 ruit„
1097 1395 1133 1482 ad
1156 1393 1261 1473 llolog·
1285 1400 1337 1458 55.
1415 1473 1417 1477 ι

93 1494 204 1574 (158.)
229 1495 359 1558 clientum
381 1494 499 1559 Catonis
521 1497 614 1559 luisse
635 1496 770 1576 Lydium,
796 1514 878 1577 quum
901 1498 1064 1558 coniectura
1081 1483 1229 1580 Scaligeri
1251 1519 1287 1562 eo
1308 1499 1338 1561 iu

90 1619 185 1662 versu
210 1601 286 1675 lacta
308 1600 430 1677 nitatur,
458 1619 530 1683 quae
549 1600 718 1684 coniectura
739 1618 837 1680 parum
859 1599 1072 1678 probabilitatis
1094 1599 1205 1680 babet,
1234 1606 1338 1682 sponte

91 1703 234 1766 concidit.
277 1705 409 1766 Doctum
432 1722 512 1784 quarn
535 1704 573 1765 ob
595 1722 656 1765 rem
678 1703 753 1767 Cato
776 1704 860 1795 dlcat¹
875 1701 994 1783 Lydiam
1015 1702 1080 1766 llol.
1102 1724 1134 1766 u.
1154 1707 1207 1768 25.
1232 1701 1336 1784 (128.)

90 1808 219 1869 vidimus
240 1806 276 1869 ad
300 1827 361 1869 eum
384 1806 485 1869 locum.
519 1838 523 1846 ’
1085 1803 1087 1805 ’

158 2014 219 2076 laur
241 2033 312 2075 uero
334 2014 391 2075 ista
412 2015 565 2091 communis
587 2033 627 2076 ex
655 2033 729 2092 agro
760 2016 791 2077 et
820 2034 859 2075 ex
881 2013 977 2094 puella
999 2014 1135 2095 volupiae
1156 2033 1212 2077 non
1234 2016 1338 2081 mansit

91 2116 210 2182 Catoni.
254 2119 389 2197 Ereptum
412 2114 515 2180 Catoni
537 2136 638 2194 agrum
660 2138 739 2179 suum
753 2117 946 2198 militibusque
968 2117 1060 2180 datum
1077 2118 1204 2180 Sullanis
1226 2120 1336 2198 luisse,

91 2221 210 2284 collatis
231 2223 305 2282 inter
328 2241 361 2282 se
383 2221 515 2283 Suetonii
530 2228 559 2283 et
577 2218 698 2284 Catonis
716 2222 809 2301 ipsius
827 2219 899 2281 loeis
916 2221 945 2281 in
957 2220 1056 2298 Diris,
1079 2225 1208 2284 statuunt
1226 2240 1336 2285 omnes.

92 2327 174 2390 Sane
198 2329 247 2386 aut
268 2326 321 2385 iam
344 2325 437 2388 datum
459 2323 555 2399 militi,
579 2320 629 2385 aut
649 2324 852 2401 assignatum,
875 2324 1005 2406 interque
1027 2343 1116 2401 agros
1131 2324 1267 2389 militibus
1290 2327 1337 2388 di-

90 2429 239 2491 videndos
261 2427 377 2489 relatum
400 2429 508 2504 luisse,
538 2446 620 2509 quum
642 2426 731 2488 Diras
753 2431 839 2507 poeta
861 2427 1021 2505 scriberet,
1044 2432 1266 2491 totomcarmen
1289 2429 1336 2493 lo-

91 2534 199 2615 quitur.
243 2530 352 2592 Verum
372 2531 408 2593 de
431 2536 578 2610 tempore,
602 2549 657 2613 quo
680 2529 748 2593 illud
770 2532 897 2593 amiserit
920 2528 1014 2607 Cato,
1037 2550 1118 2614 quam
1140 2535 1335 2614 quaestionem

89 2637 149 2698 viri
172 2637 250 2697 docti
271 2640 320 2696 aut
343 2634 427 2714 plane
449 2636 703 2721 nonattigerunt,
726 2641 776 2697 aut
798 2636 823 2695 si
844 2635 890 2716 qui
908 2635 1082 2713 attigerunt,
1106 2654 1161 2696 nou
1184 2637 1259 2705 salis
1281 2656 1334 2700 ao-

89 2745 208 2815 curate‚
232 2742 262 2799 ut
274 2738 340 2799 mibi
360 2738 491 2814 videtur,
510 2741 779 2817 pertractaverunt,
800 2757 879 2799 noua
897 2740 944 2799 est
961 2737 1136 2800 instituenda
1151 2739 1333 2821 disquisitio,

89 2824 148 2925 qua
170 2841 254 2902 simul
276 2841 477 2924 disquisitione
499 2841 571 2912 boo,
595 2842 735 2923 quomodo
758 2841 903 2918 amiserit,
927 2860 1155 2923 cognoscemus,
1177 2850 1207 2906 et
1228 2842 1333 2927 aliquid

89 2965 137 3009 ea.
150 2947 186 3008 de
210 2964 258 3022 re,
282 2948 337 3006 nisi
354 2944 454 3022 fallor,
477 2964 598 3026 prorsus
616 2947 684 3007 novi
702 2945 996 3027 atqueinexspeetatl
1014 2944 1205 3011 addiscemus.
1227 2947 1334 3022 ‚Erunt

89 3057 184 3114 autem
207 3050 263 3110 boo
284 3051 312 3111 in
335 3049 400 3112 loco
424 3050 540 3127 singula
571 3049 702 3114 Suetonii
732 3049 824 3111 uerba
853 3047 1040 3116 examinanda
1067 3065 1102 3114 ac
1134 3050 1332 3132 ponderanda,

89 3156 138 3237 qui
161 3172 246 3236 quum
268 3155 296 3215 iu
318 3157 482 3234 universum
505 3154 624 3215 ldoneus
651 3157 751 3215 auctor
780 3152 834 3222 sit,
864 3155 895 3214 at
923 3153 951 3213 ln
974 3151 1087 3216 Catone
1118 3155 1333 3237 estquamius

89 3257 187 3339 pretii.
761 3280 762 3283 ¹
1208 3323 1211 3328 ,

155 3361 267 3441 Nempe
289 3360 362 3442 quod
385 3378 425 3421 ex
447 3360 610 3420 narratione
639 3355 773 3420 Suetonii
795 3375 845 3428 ea,
878 3375 950 3437 quae
973 3375 1012 3417 ex
1034 3355 1249 3437 Indiynatr'oue
1271 3356 1331 3422 Oa.

89 3465 169 3529 touls
192 3463 295 3526 lrausta
317 3466 382 3540 est,
414 3461 462 3522 alil
485 3460 675 3538 colligendum
699 3477 767 3520 esse
790 3460 925 3523 dixerunt
947 3460 1072 3536 diserte,
1098 3458 1149 3525 aul
1171 3460 1331 3539 collegisse

89 3569 179 3630 taelte
201 3566 350 3643 videntur,
370 3565 519 3647 pupillum
541 3564 633 3624 luisse
664 3561 819 3639 Catonem,
847 3582 929 3645 quum
962 3566 1117 3631 exueretur
1142 3565 1329 3649 patrimonio,

89 3675 145 3734 tau
167 3669 334 3730 incredibile
362 3673 426 3746 ost,
453 3672 485 3730 ut
514 3669 614 3744 unirer,
648 3665 786 3749 quomodo
808 3666 836 3726 ln
858 3670 977 3729 urentem
1000 3667 1100 3728 venire
1122 3668 1250 3748 culquam
1272 3690 1329 3751 po.

89 3775 187 3838 tuadi·
231 3772 268 3834 lit
290 3789 364 3835 nune
393 3771 523 3854 quidem,
550 3776 702 3853 postquam
725 3770 762 3831 de
790 3767 884 3847 Lydia
911 3768 1007 3849 puella
1029 3772 1059 3830 el
1080 3770 1117 3837 de
1138 3770 1232 3850 Lydia
1253 3773 1329 3842 libro

89 3877 270 3958 exploratum
291 3879 355 3954 est,
388 3876 475 3956 plane
503 3880 672 3955 portentosa
699 3874 793 3937 videri
813 3874 903 3936 debet
924 3873 1022 3953 opinio
1029 3870 1041 3950 ,'
1072 3873 1243 3960 impuberem
1267 3879 1329 3943 ca.

89 3983 182 4043 tum
205 3980 397 4042 consuevisse
420 3999 481 4042 oum
503 3980 614 4058 Lydia,
648 3983 678 4041 et
706 3995 819 4040 amores
848 3994 909 4038 oum
938 3973 1031 4054 Lydia
1062 3980 1231 4042 exercuisse
1253 3985 1328 4045 satis

89 4082 256 4161 diuturnos,
275 4089 309 4145 et
329 4084 502 4164 impuberem
517 4074 648 4164 'emortua
670 4084 778 4145 iecisse
801 4081 835 4143 ad
854 4080 984 4159 Lydiam.
1030 4079 1136 4143 Verum
1159 4084 1242 4146 etiam
1259 4092 1327 4150 aute

89 4204 142 4249 nos
164 4189 213 4271 qui
236 4186 271 4248 de
292 4187 385 4266 Lydia
404 4194 456 4249 aut
476 4186 563 4266 plaue
584 4205 640 4248 οοο
664 4186 844 4263 cogitarunt,
874 4187 923 4246 aut
944 4184 1098 4263 posteriori
1121 4189 1241 4265 tempori
1264 4208 1326 4252 eum

89 4289 188 4354 lanu
210 4292 453 4370 assignaverunt,
476 4309 530 4351 nou
554 4289 699 4351 debebant
722 4294 814 4350 tamen
837 4289 1000 4354 inanimum
1015 4287 1168 4365 inducere,
1190 4290 1326 4369 pupillum

89 4396 180 4459 icisse
194 4392 347 4470 Catonem,
370 4413 452 4476 quum
474 4393 670 4473 patrimonium
688 4393 839 4454 amitteret.
887 4392 1012 4458 Exstant
1022 4392 1139 4464 Dirae,
1162 4391 1236 4474 quod
1257 4412 1325 4457 car.
1454 4441 1456 4447 ,

89 4496 249 4564 mubmd
265 4496 355 4579 molto
376 4499 447 4580 post
468 4496 602 4560 unbem
617 4513 723 4574 agrum
750 4496 887 4576 scriptun
915 4513 984 4560 esse
1012 4497 1153 4655 reqqiqsa
1179 4497 1322 4593 ostendit,
