2948 4986
12 934 20 1079 t

10 1084 18 1281 i

378 165 421 229 m
442 164 612 233 vuuunu
633 128 814 233 nanuum
834 167 974 233 nuans.

583 392 589 398 .
656 348 690 402 at
711 343 772 405 imn
792 352 957 406 auertunt
979 343 1063 406 unua

279 441 465 512 Vernantes,
488 449 663 527 nigrumque
684 443 749 509 atie
768 445 930 511 suinaetat
951 466 1084 511 arenam.

67 544 222 626 topnuues
247 543 351 623 Antig.
375 551 448 608 583.
470 563 554 628 seqq.
577 545 615 607 H.

273 643 387 724 ὁμοῖον
409 639 494 706 ιδ’στε
516 645 663 720 νιοντῖαις

271 740 373 826 οἶδμα
396 747 571 823 δυσπνόοις
594 744 672 812 ὅταν

275 852 468 937 Θρῄσοῃσιν
489 853 601 933 ἔρεβος
622 850 752 936 δφαλον
773 853 937 940 ἐπιδράμῃ
960 862 1089 930 πνοαῖς,

177 1042 180 1046 Δ
272 958 416 1020 κυλίνδει
437 956 606 1037 βυσσόθεν
628 955 781 1038 κελαινὰν

270 1064 352 1123 θῖνα
374 1059 431 1122 καί
453 1059 652 1141 δυσιένεμον,
673 1068 704 1129 et
724 1083 797 1147 quae
819 1083 883 1147 seq.

64 1167 104 1231 uiri
123 1170 220 1230 tamea
241 1185 298 1230 unu
320 1169 482 1250 persuadeo
504 1167 587 1244 mihi,
616 1162 728 1245 ἔρεβος
757 1159 888 1247 ὕφαλον
915 1170 1109 1233 accusativum
1131 1186 1199 1231 osse
1222 1186 1296 1249 pon-

64 1270 168 1334 dentem
188 1289 209 1333 a
231 1273 331 1359 verinis
354 1260 454 1346 οἶδμα
477 1267 653 1352 ἐπιδράμῃ.
684 1269 724 1334 Ui
745 1273 818 1332 eninr
842 1272 1011 1350 eoncedam,
1033 1268 1145 1351 ἔρεβος
1166 1264 1297 1350 δ’φαλον

63 1374 183 1455 imorum
203 1378 299 1438 muria
321 1393 405 1446 esse,
430 1394 485 1438 non
506 1377 581 1438 bene
598 1364 716 1451 οἶδμα,
738 1375 871 1456 linetae,
893 1375 1003 1437 dicetur
1022 1395 1199 1458 percurrere
1219 1379 1297 1458 sno·

65 1479 123 1541 tarn
144 1483 242 1541 mario
252 1523 263 1556 ,
293 1478 342 1540 vei
365 1483 521 1543 inenrrere
541 1485 571 1542 in
591 1481 620 1562 s.
641 1499 678 1541 m.
724 1475 813 1542 Certe
840 1478 927 1541 multo
948 1481 1042 1558 magis
1064 1481 1196 1542 usitatum
1217 1480 1297 1543 aite-

65 1599 114 1642 nm
136 1585 200 1660 est,
222 1582 297 1663 quod
314 1581 410 1662 pauiio
432 1587 500 1645 ante
522 1583 558 1644 ad
577 1581 698 1647 Catonis
720 1601 835 1645 versum
851 1587 903 1645 59.
921 1583 1151 1662 commemoravi,
1172 1587 1202 1645 ut
1217 1600 1297 1645 mare

65 1686 146 1762 primo
168 1687 340 1747 commoveri
363 1688 456 1765 intus,
479 1690 536 1748 turn
558 1668 700 1749 extoliere
715 1686 818 1748 fluetus
835 1684 955 1748 dieatur.
983 1683 1100 1769 ltaque,
1123 1686 1198 1768 quod
1216 1690 1297 1748 rento

66 1794 250 1867 perspexerat
271 1789 449 1863 iiriurdtins,
473 1785 585 1864 ἔρεβος
600 1780 747 1868 ὕφαλον,
764 1790 957 1867 submerina,
979 1790 1006 1851 si
1024 1791 1064 1851 ita
1082 1789 1177 1851 dicere
1195 1789 1296 1868 licent,

67 1892 175 1973 antipa,
198 1893 388 1954 nominativus
404 1895 459 1955 est.
493 1893 536 1954 lia
549 1891 661 1970 caiigo,
684 1912 765 1975 quum
788 1893 820 1954 iit
841 1896 1013 1972 tempestas,
1037 1895 1133 1956 ventis
1155 1894 1296 1970 ingruen-

68 1995 150 2071 tibus,
172 1995 304 2057 asoendIt
324 1995 352 2055 in
370 1995 549 2074 superficiem
564 1996 667 2070 maris,
689 1995 864 2078 fluctusque,
885 1997 951 2078 qut,
968 1994 1118 2078 tranquillo
1136 1996 1223 2073 mari,
1241 2014 1298 2058 uon

68 2103 124 2161 suut
146 2099 242 2176 nigri,
271 2104 394 2177 oooupat
415 2100 500 2181 atque
523 2099 614 2160 iniioit
635 2099 754 2175 nigrore
776 2117 841 2159 suo.
875 2088 975 2174 οἶδμα
996 2101 1201 2176 aecusativus,
1222 2118 1297 2179 pen-

69 2199 129 2261 dens
151 2201 189 2263 ab
212 2195 393 2279 ἑπιδρδμῃι
422 2200 476 2262 sad
497 2200 534 2262 ad
557 2197 701 2269 κυλίνδει
727 2218 828 2264 rursus
849 2202 1027 2282 supplendus
1052 2206 1101 2267 est
1123 2190 1222 2277 οἶδμα
1243 2222 1298 2265 no-

68 2298 220 2366 mnativus.

21 2485 24 2491 Ι
121 2407 230 2470 Verum
251 2408 309 2469 ista
331 2407 445 2482 Ovidii,
467 2406 605 2485 Virgilii,
635 2407 793 2487 Sophoclis
814 2408 949 2490 exempta
969 2413 1106 2492 tamqnam
1128 2409 1230 2471 similia
1250 2414 1299 2474 at-

24 2524 30 2529 ·
69 2509 125 2588 tuli,
153 2528 212 2574 non
234 2514 372 2592 nmquam
394 2512 467 2572 idem
493 2502 696 2588 significantia.
739 2509 814 2575 Gaio
836 2512 999 2592 Neptunum
1021 2532 1077 2576 uon
1098 2531 1220 2591 arunas,
1245 2513 1299 2575 sed

66 2615 177 2692 [oscum
200 2620 326 2678 cinerem
348 2615 474 2676 eiectare
497 2615 591 2686 iubet,
623 2617 736 2679 soiiioet
758 2617 898 2685 oiuerem,
928 2618 975 2699 qui
1003 2610 1133 2679 restabat
1160 2617 1197 2679 rie
1220 2635 1298 2678 uom-

67 2715 142 2782 tusto
164 2737 259 2795 agrot
290 2721 328 2781 ei.
351 2739 383 2779 v.
407 2723 458 2781 46.
503 2720 594 2781 Nemo
624 2718 697 2782 iraeo
723 2724 802 2783 reeta
828 2719 984 2784 intellexit.
1022 2719 1123 2784 Gloss.
1145 2721 1184 2784 V.
1207 2720 1231 2782 1.
1260 2739 1299 2782 ex

15 2814 19 2823 '
67 2828 139 2898 pure
160 2839 218 2902 oon
240 2820 328 2884 maie:
350 2833 463 2886 terram
484 2828 601 2904 nigrum
623 2825 662 2887 de
682 2830 772 2906 aprio
794 2829 922 2908 nostris.
943 2829 974 2887 at
995 2843 1067 2888 vero
1082 2829 1161 2889 einis
1179 2844 1235 2886 nou
1252 2828 1299 2889 est

67 2927 142 2989 terra
210 2926 250 2987 nt
270 2927 434 2990 ennuntiat
455 2926 521 3006 pius
543 2926 639 2997 vaiet,
659 2947 746 3009 -quarn
767 2928 842 3008 apud
865 2933 968 3008 poetas
992 2928 1058 2992 iilos
1079 2933 1193 3007 verrit,
1223 2929 1299 2992 uub-

66 3039 181 3108 oeetat,
199 3024 353 3101 κυλίνδει.
377 3030 448 3093 Vult
464 3032 538 3093 euim
558 3032 633 3095 Cato
655 3033 771 3112 proprie
791 3033 964 3111 exhauriri,
985 3039 1149 3114 enprorsus
1166 3028 1299 3113 dispergi
1324 3107 1331 3120 ,

66 3132 199 3203 cinerem,
223 3136 254 3195 ut
276 3132 361 3213 piane
383 3133 452 3196 nihii
474 3139 568 3198 restet
589 3136 626 3198 de
647 3154 721 3214 agro
743 3154 808 3199 ano.
852 3136 1072 3217 oanieuudis,
1098 3138 1117 3199 i.
1142 3156 1169 3199 e.
1196 3136 1305 3198 alben.

64 3235 153 3318 tibus,
176 3239 315 3316 spumeis.
675 3229 679 3233 ⁴
992 3232 996 3237 ’

120 3445 162 3508 v.
187 3450 239 3506 οι.
284 3457 469 3513 nronnrnn
491 3458 569 3513 men
594 3414 840 3515 suessanum
856 3460 972 3514 mnne.
1007 3459 1130 3515 nunus
1147 3459 1299 3518 osvero.

56 3547 172 3622 ferrern
193 3548 326 3611 Venetae
347 3547 425 3611 nun.
449 3549 563 3627 vitium,
584 3569 666 3632 quum
689 3554 847 3614 uorreetuur
867 3551 973 3613 fuisset
995 3551 1024 3611 in
1041 3550 1213 3629 Vloentioa,
1233 3569 1300 3612 rur-

54 3664 109 3715 tus
131 3657 278 3733 comparet
298 3655 328 3715 in
350 3652 468 3714 vitiosis
489 3646 729 3732 posterioribus,¹
742 3655 869 3717 Norimb.
895 3657 988 3716 1492.
1016 3653 1092 3716 Ven.
1117 3658 1210 3716 loeo.
1244 3675 1300 3718 ιιι-

52 3771 121 3821 νιιιι
142 3777 227 3820 mure
245 3755 321 3819 Mn.
356 3756 648 3822 mureueestVrat.
672 3757 1180 3838 1.unrnpronasra1>mrs.1v.
1213 3760 1300 3821 Box-

52 3849 179 3925 tantm
198 3880 307 3924 ααιιοι
328 3880 411 3924 mure
432 3859 566 3922 malebat.
604 3860 734 3925 ‹Sensum
762 3863 815 3925 iam
842 3863 1043 3941 patefecerunt
1071 3861 1198 3924 editores
1225 3880 1299 3923 uou-

51 3963 128 4027 nulii
146 3963 344 4046 autquiores,
362 3967 408 4027 'ut
429 3963 567 4039 liabens,
594 3964 658 4026 dum
681 3965 765 4028 ooiou
786 3969 897 4046 ponuut
916 3969 987 4049 poet
1001 3957 1097 4030 rura:
1125 3971 1156 4029 ot
1181 3966 1302 4028 aiterum

51 4067 153 4131 odos.
166 4070 240 4149 pout
254 4086 349 4131 maro.
376 4067 485 4132 Ferme
502 4068 598 4131 Mure
617 4068 774 4149 appellatio
795 4073 858 4151 est,
879 4089 962 4153 qnam
984 4069 1058 4135 cum
1080 4070 1241 4149 impositum
1263 4069 1299 4131 iri

47 4170 197 4253 uriel,
216 4170 295 4254 qaod
314 4169 381 4234 run
401 4189 441 4232 ox
461 4190 515 4233 suo
536 4189 611 4248 agro
628 4172 706 4250 fieri,
728 4176 901 4251 auguratur:
924 4174 1020 4239 Mare
1033 4176 1149 4257 seren,
1171 4174 1301 4238 utulate

49 4284 210 4357 ugano,
230 4272 316 4339 Mare
337 4274 469 4355 rubrum,
490 4275 574 4338 Mare
595 4278 744 4340 mortuum.
777 4276 830 4341 Sio
851 4296 939 4360 supra
956 4279 1059 4360 Syrtin
1080 4278 1143 4355 fieri
1165 4296 1204 4341 ex
1224 4293 1300 4355 agro

50 4390 130 4463 tuo,
152 4378 357 4457 niverndioi
376 4379 503 4463 Syrtium
524 4378 661 4443 volebat:

61 4524 66 4529 -
149 4522 201 4567 .,.,.
213 4530 230 4545 ..
257 4482 423 4551 ..Mara
442 4483 554 4549 unns
574 4483 713 4568 Iaiiyoae
733 4503 824 4550 soror
843 4487 946 4553 αλδινα
967 4484 1079 4566 Syrtis.
1187 4508 1190 4513 ’
