2948 4986
122 192 204 268 398
567 188 847 280 nrssnourmo
874 188 928 253 nv.
965 128 980 243 ⁵.
1015 188 1058 263 a.

122 383 202 440 num,
226 375 298 445 quos
312 363 506 425 boruniensls
528 362 637 425 babet:
662 381 718 424 non
740 361 929 436 solumillee‚
947 381 1024 446 qnos·
1037 383 1077 425 ox
1095 363 1259 443 (lpusoulis
1280 364 1369 444 attuli,

116 448 175 530 'sed
198 469 283 530 etiam
312 466 464 528 nonnullae
492 467 690 543 lielognrum:
722 467 845 557 Quarta
875 467 1011 549 aplupa3
1041 467 1149 530 Seeuli
1177 474 1273 531 noeia
1296 467 1370 547 (sio)

121 569 320 654 interp'tatio.
365 572 494 631 Decima
508 570 637 649 aplopa3
653 567 811 652 Coap'stio
830 566 877 651 coi
887 568 977 650 pallo
993 570 1031 632 de
1048 573 1148 650 apris.
1186 570 1221 632 ln
1246 571 1371 633 Aeneide

122 675 183 738 boo
210 675 306 736 statim
336 671 519 733 memorabile
552 675 620 748 est,
651 672 725 753 quod
760 672 865 734 desunt
893 672 967 735 libro
998 675 1087 752 primo
1116 692 1230 735 versus
1261 678 1372 755 quatuor

122 779 183 842 Ille
203 797 258 858 epo
283 779 337 861 qui
359 776 509 859 quondam
525 778 581 836 eto.
605 776 670 835 item
694 776 798 836 desunt
820 775 895 837 libro
917 776 1046 836 seeundo
1070 794 1179 837 versus
1202 776 1248 837 illi
1272 777 1372 838 duoot

121 881 242 959 viginti.
266 887 295 942 et
317 878 372 940 hos
395 879 507 960 quidem
530 879 558 938 in
581 879 676 938 tronto
698 877 823 957 exempli
846 878 938 939 nostri
957 878 1107 958 supplevit
1129 897 1233 940 monus
1253 881 1371 961 snthm.

46 1009 53 1020 ¹
121 984 185 1068 Quo
207 984 301 1059 magis
324 979 473 1042 dolendum
497 983 557 1057 est,
582 980 657 1061 quod
675 979 765 1042 Dirae
788 1000 844 1042 non
868 983 958 1044 insint
980 983 1008 1042 in
1032 980 1088 1043 buu
1109 981 1252 1044 editione.
1276 983 1372 1064 Quum·

120 1106 202 1170 qnam
225 1086 361 1148 loannem
392 1084 571 1157 Vestlalnm,
601 1087 626 1145 si
657 1088 712 1145 tum
736 1085 840 1146 bonum
861 1086 897 1146 ud
920 1084 1009 1146 Diras
1031 1086 1163 1146 oodluom
1186 1085 1373 1147 adhibendum

120 1189 291 1260 habuisset,
316 1207 397 1269 quam
420 1187 521 1248 babuit
542 1187 578 1247 od
603 1183 727 1266 (lupum,
751 1188 912 1265 lllorelum,
936 1206 993 1249 non
1016 1190 1187 1250 omissurum
1212 1190 1308 1258 luisse
1324 1189 1371 1250 lll-

119 1311 169 1355 ros
196 1293 385 1354 crediderim:
414 1294 446 1354 ut
474 1308 545 1353 sone
576 1286 676 1369 Gopue
705 1293 735 1352 et
766 1289 874 1352 Mureti
902 1293 1117 1373 frequentiores
1147 1292 1272 1354 codices
1299 1297 1371 1370 sunt,

120 1415 202 1480 quum
224 1395 367 1458 Dirorum.

433 1689 793 1774 Visentina
827 1705 984 1780 1479.
1019 1689 1097 1803 fol.

185 1907 399 1973 (lommunieotu
421 1929 528 1973 meeum
559 1931 695 1993 perquam
724 1911 883 1973 liberaliter
906 1931 945 1974 ex
973 1910 1159 1974 Bibliotbeeu
1186 1911 1367 1990 Gottingeosl

118 2031 138 2074 a
161 2012 232 2074 Viro
256 2012 360 2076 Celeb.
377 2014 522 2091 Reussio,
548 2034 564 2076 a
588 2034 644 2097 quo
667 2015 724 2077 boe
746 2015 953 2093 impetraverat
975 2015 1008 2076 L.
1021 2015 1169 2076 Dissenns
1191 2017 1242 2077 vir
1264 2017 1368 2077 doetis-

119 2118 207 2177 slmus
231 2114 354 2196 mihique
377 2135 394 2176 a
417 2115 507 2194 longo
530 2119 596 2179 inde
621 2122 750 2197 tempore
772 2116 988 2178 dilectissimus.
1032 2117 1128 2178 Primo
1147 2118 1235 2180 looo:
1259 2128 1369 2181 nlntio-

118 2229 180 2282 le
201 2229 298 2281 vl'l'll.
342 2219 480 2301 Sequitur
494 2219 595 2282 Servii
610 2221 789 2283 Introductio
813 2223 879 2281 sivo
895 2221 1042 2282 Praetutio
1066 2222 1095 2281 in
1118 2222 1273 2284 Bnoolicu.
1304 2224 1368 2285 'lom

117 2327 260 2407 praelatio
283 2324 401 2400 luponis
425 2321 611 2402 Culplmrnii,
636 2343 709 2405 quoe
732 2327 793 2385 tota
815 2328 863 2385 est
884 2324 922 2384 de
942 2324 1068 2401 Servio,
1092 2343 1176 2406 quem
1199 2327 1369 2388 emendatum

118 2446 193 2490 aso
215 2431 303 2509 utque
333 2429 526 2505 expurgatum
557 2446 626 2488 esse
655 2426 809 2504 gloriatur.
867 2427 1021 2508 llxsoripsi
1050 2445 1123 2509 quoe
1151 2432 1272 2509 potiora
1300 2434 1369 2490 sunt.

116 2531 252 2594 Ioannes
283 2531 494 2610 Oalpburnius
529 2531 713 2612 Hieronymo
737 2531 885 2592 Patrensi
906 2535 974 2593 uiro
997 2533 1174 2595 clarissimo
1198 2539 1227 2595 du
1250 2532 1371 2617 co'patri

116 2634 329 2698 amatissima.
352 2635 387 2697 S.
411 2632 451 2695 P.
504 2634 578 2696 Non
598 2653 726 2715 possum
749 2652 808 2695 non
831 2635 981 2696 admirari
1004 2636 1154 2719 quandam
1176 2642 1283 2699 nostri
1303 2649 1371 2699 ten-

112 2742 202 2822 poris
224 2739 365 2800 bominem
388 2740 472 2799 satis
486 2738 666 2807 ,eruditumu
691 2739 743 2820 qui
768 2746 830 2797 tam
853 2737 1073 2800 celeberrimum
1096 2743 1285 2822 scriptorem
1308 2743 1371 2824 pui-

115 2843 244 2905 busdam
267 2844 391 2923 ineptiis
416 2841 537 2901 additis
561 2843 762 2924 coinquinare
786 2844 830 2901 sit
852 2860 974 2909 ausus:
998 2861 1057 2903 non
1080 2843 1172 2904 credo
1188 2854 1293 2905 tanuen
1313 2864 1371 2906 eun

113 2946 254 3008 uoluisse
280 2951 314 3004 at
340 2943 444 3005 Seruii
472 2947 602 3026 scriptis
633 2947 860 3006 insererentur:
897 2955 1021 3029 atcnnp3
1050 2949 1095 3008 sit
1112 2963 1188 3008 'una
1221 2951 1370 3031 impressa

113 3056 224 3111 arant:
255 3077 296 3090 -
318 3077 360 3090 —
388 3047 515 3126 fuerunt
544 3049 616 3108 mibi
648 3049 708 3109 duo
737 3049 928 3129 exemplaria
957 3052 1031 3110 mire
1058 3053 1233 3112 uetustatis
1265 3052 1368 3136 quibus

112 3150 221 3212 melius
245 3148 392 3229 deprendi
412 3153 523 3230 potuit.
548 3149 623 3235 quid
645 3152 792 3213 tollenda*
809 3170 817 3212 t
843 3153 919 3235 paint
942 3174 979 3214 uc
1007 3152 1240 3236 relinquendum
1267 3158 1367 3237 soret:

114 3254 197 3335 quod
219 3255 251 3314 si
273 3256 343 3336 quis
374 3253 467 3315 aliter
494 3258 713 3334 persuasisset
740 3255 826 3334 lepat
856 3255 951 3340 queso
974 3260 1005 3316 du
1019 3257 1165 3337 perlepat
1197 3279 1261 3341 que
1286 3278 1368 3319 manu

113 3360 236 3437 scripta
259 3366 332 3419 sunt
354 3358 511 3438 intellipet
528 3363 559 3420 si
580 3361 727 3420 nitentior:
753 3389 792 3400 —
817 3389 858 3402 ·-
883 3358 956 3420 bene
978 3359 1071 3420 undet
1107 3359 1173 3421 Sed
1196 3363 1294 3423 aliter
1314 3380 1367 3423 ua·

112 3461 197 3522 lenm
219 3460 355 3522 nonnulii
370 3462 559 3542 pedepopuli
577 3464 630 3544 qui
647 3470 740 3522 antea
757 3461 896 3524 Seruium
919 3463 995 3523 duro
1018 3481 1070 3524 ore
1097 3467 1122 3524 dr
1145 3465 1366 3527 insulsissimus

112 3563 259 3625 litterulis
283 3565 428 3625 lacerare
449 3584 507 3624 non
530 3564 731 3625 dubitabant:
756 3569 786 3626 si
807 3575 882 3646 post
902 3568 963 3628 bne
981 3568 1058 3629 idem
1072 3567 1271 3649 factitabant
1287 3587 1367 3631 suun

111 3661 295 3747 imperitiam
317 3667 452 3728 erunibus
476 3667 646 3729 ostendent.
693 3667 750 3729 llio
772 3670 837 3730 linis
860 3673 906 3730 est
929 3671 1143 3749 praelationis:
1169 3673 1217 3731 aul
1242 3673 1366 3733 subtura

112 3772 159 3829 est
182 3774 248 3829 notu
271 3768 402 3829 librarii:
448 3771 518 3832 Hoc
546 3789 625 3852 opus
654 3776 858 3835 sonorissimo
887 3794 963 3835 cura
986 3778 1011 3834 dr
1038 3773 1211 3836 eruditione
1243 3776 1365 3837 loomin

111 3871 294 3953 Galpburuii
316 3875 378 3933 uiri
400 3874 573 3936 doctissimi
595 3879 779 3956 recoquitam
793 3877 978 3941 [leonardus
998 3877 1037 3940 cle
1049 3876 1185 3940 Basilea
1206 3876 1368 3941 Vincentio

70 4014 76 4024 «
110 3975 345 4055 dilipeotissime
367 3982 523 4058 impressit
544 3979 633 4039 Anna
656 4000 676 4040 a
700 3984 866 4042 natiuitate
889 3984 1000 4044 domini
1022 3987 1122 4043 nostri
1140 3981 1219 4044 Iesu
1239 3982 1363 4044 Obristi.

107 4079 153 4141 M.
167 4077 284 4142 0000.
298 4079 402 4140 lxxnx.
448 4082 524 4142 ilino
545 4083 721 4160 pedetentim
744 4102 778 4144 oo
801 4089 943 4164 perpetuo
960 4084 1100 4146 Venetam
1117 4084 1217 4146 Rubui
1240 4087 1365 4166 sequitur

107 4183 281 4260 vicentina,
305 4187 336 4245 et
358 4185 482 4246 earmina
503 4185 601 4245 eodem
625 4187 743 4266 ordine,
766 4188 925 4268 iisdemque
948 4188 1184 4266 inscriptionibus
1204 4190 1363 4249 omniser-

106 4283 205 4361 blbet,
228 4287 379 4367 usquead
402 4286 500 4361 linem,
524 4304 597 4367 quae
620 4293 687 4350 sunt
710 4291 739 4350 ln
762 4290 878 4352 Veneto
901 4290 1008 4352 Rubel.
1053 4284 1157 4370 Quid?
1185 4292 1265 4373 qnod
1290 4293 1363 4354 tantu

107 4392 154 4449 est
176 4389 251 4449 inter
272 4390 413 4452 Venetam
436 4388 532 4450 llubei
557 4393 587 4450 et
609 4386 791 4454 Vi'oentinam
813 4393 988 4471 similitudo,
1012 4395 1095 4458 utin
1118 4391 1273 4473 Operibus
1296 4395 1362 4457 Vir-

106 4489 173 4567 gllii
194 4490 352 4552 maioribus
374 4489 541 4573 plerumque
560 4495 671 4575 'puglnu
684 4497 821 4576 paginam
839 4499 962 4575 relerut3
985 4499 1015 4560 ln
1029 4495 1190 4577 opusculis
1210 4497 1363 4562 vicenum
