2948 4986
379 202 433 264 bii
457 199 625 265 VlliGlLll
646 198 720 263 iiii
743 199 962 266 invenistis
984 194 1090 265 bebi
1275 208 1350 279 231

106 376 318 455 eenilelebam,
345 380 465 458 propter
493 375 704 441 similitudinem
733 374 815 438 ioltil.
862 375 967 439 Verum
996 392 1033 439 ea
1059 373 1216 438 similitudo
1244 378 1354 454 exigua

107 486 175 557 est,
199 498 234 543 ao
255 482 384 543 lortulta.
472 480 600 559 Virgilio
623 480 709 541 eiiam
731 478 826 540 trlbuo
848 478 916 541 illud
940 478 1016 559 apud
1037 480 1221 542 Diomedem:
1250 480 1353 543 Incidi

105 585 247 668 patulum
270 591 301 648 ia
321 605 461 668 specum,
483 577 695 667 prosumbsnte
719 583 847 665 Priapo.
891 583 933 646 At
947 583 1022 664 quod
1045 585 1072 644 in
1091 584 1214 663 antiquis
1232 582 1352 647 Catale-

108 691 220 750 etormn
243 689 417 751 editionibus
439 687 591 750 monadum
615 693 678 763 est,
701 687 770 766 Epo
786 688 864 750 duee
879 707 935 767 epe
953 698 1023 749 arte
1040 687 1202 769 fabricata
1218 693 1353 760 rustica,

108 791 148 855 de
170 811 207 855 eo
229 779 391 855 sententiae
412 792 566 877 subscribo
589 789 780 853 Broulrbusii:
808 790 893 853 Sene
920 793 1116 881 purissimum
1145 801 1194 853 est
1216 810 1353 867 carmen,

108 904 143 960 et
163 899 449 977 eastipatissimum.
498 897 610 958 Tamen
630 910 705 979 epo,
736 897 766 957 si
798 895 872 980 quid
888 897 931 955 -in
962 895 1013 958 bis
1040 893 1132 957 relus
1162 897 1269 976 sapio,
1299 915 1355 958 nee

110 1000 239 1062 Catullo
262 1000 395 1062 dederim
401 1042 413 1076 ,
434 1020 490 1062 aee
512 1000 653 1084 Maroni.
697 997 730 1059 ln
752 999 853 1059 iambis
875 997 956 1076 puris
979 996 1179 1073 elaboravisse
1201 998 1355 1075 Virgilium
1426 999 1428 1002 ’

109 1121 170 1165 non
192 1105 268 1165 ieret
289 1104 466 1165 incredibile.
511 1104 619 1166 Verum
642 1104 714 1165 enim
737 1119 809 1163 vero
829 1119 863 1161 oa
886 1106 933 1162 est
953 1099 1040 1162 buius
1061 1101 1193 1163 oarmlnls
1215 1103 1243 1163 in
1266 1104 1355 1182 prima

109 1208 157 1268 sul
182 1209 265 1286 parte
287 1224 349 1269 eum
370 1206 464 1270 altero
489 1208 579 1270 Hune
607 1225 663 1288 epo
682 1210 808 1269 iuvenes
834 1205 954 1281 lunum„
968 1202 1137 1285 similitudo,
1158 1209 1190 1267 ut
1212 1224 1293 1266 unum
1315 1226 1355 1267 ex

108 1309 224 1388 altero,
248 1311 277 1371 el
299 1309 410 1391 quidem
432 1308 489 1372 boo
505 1311 651 1372 lambleum
673 1329 712 1372 ex
728 1309 778 1372 illo
800 1310 957 1372 imitatione
975 1324 1161 1388 expressum,
1185 1309 1355 1393 ludendique

109 1416 139 1477 lu
165 1413 265 1475 eodem
287 1417 455 1490 argumento
484 1397 657 1494 perieulum,
687 1412 782 1479 videri
808 1398 942 1475 debarai.-
969 1411 1017 1474 lie
1044 1412 1226 1475 similitudine
1247 1415 1354 1476 monuit
1388 1405 1403 1436 '

111 1519 199 1581 eliam
229 1516 365 1579 Dubems
393 1516 457 1578 loeo
486 1517 583 1597 paullo
612 1520 680 1580 ante
707 1514 823 1579 laudato
845 1535 876 1596 p.
900 1518 972 1578 iil.
1005 1515 1075 1577 'Ubl
1098 1516 1274 1599 abantiquo
1298 1536 1355 1579 ex-

111 1620 208 1702 emplo
231 1621 345 1683 recedit
374 1638 487 1682 oarmen
513 1620 680 1699 iambicum,
708 1621 799 1682 medio
822 1619 961 1697 earmina,
990 1622 1020 1681 ei
1036 1625 1195 1698 'extremm
1218 1621 1355 1702 ibiquod

110 1726 150 1788 de
171 1725 366 1787 redeunteex
388 1725 474 1802 agnis
495 1724 550 1786 snb
568 1725 700 1787 eustodia
717 1725 815 1804 Priapi
830 1725 944 1786 nutritis
963 1724 1099 1803 peeunia,
1122 1724 1214 1806 deque
1236 1723 1357 1786 vaseula

111 1827 271 1904 inmolata,
300 1829 447 1901 narratur,
471 1825 561 1904 longe
583 1827 704 1908 petitum
725 1826 810 1889 alieni
833 1827 992 1898 videatur,
1007 1830 1037 1888 et
1051 1829 1215 1909 'quaesitum
1231 1828 1260 1890 in
1283 1847 1355 1891 eon-

113 1931 261 2009 elusione,
285 1929 333 1991 ubl
355 1928 484 1992 mentula·
501 1931 599 2010 Priapi
621 1949 681 2011 pro·
697 1930 782 1993 olava
804 1931 893 1994 utitur
916 1929 1047 2009 villicus,
1069 1919 1197 1994 acumen.
1242 1932 1355 2016 Quanto

112 2033 162 2096 llle
185 2033 358 2114 simplicius,
383 2038 413 2097 ei
436 2016 596 2115 antiquius:
619 2033 724 2123 Quare
744 2036 831 2112 bine,
854 2038 992 2114 opseri,
1010 2035 1112 2097 males
1129 2035 1282 2100 abstinete
1298 2058 1355 2100 ra-

111 2144 219 2224 pinas·
270 2139 395 2202 Vicinus
417 2139 618 2223 propefdives
641 2149 706 2214 esi,
730 2138 947 2221 negligensque
968 2139 1126 2220 l'riupust
1151 2143 1180 2203 ei
1196 2159 1270 2223 quae
1292 2161 1355 2224 seq.

113 2243 198 2327 Quod
220 2261 293 2304 vero
315 2241 524 2305 similitudinem
548 2260 653 2304 versus
679 2248 728 2308 ia.
752 2261 813 2304 sum
836 2242 922 2319 Vlrg.
946 2242 1010 2303 ilci.
1036 2247 1063 2305 l.
1082 2249 1134 2304 ee.
1157 2246 1275 2322 attinet,
1299 2266 1355 2329 quo
1386 2266 1389 2271 ·

112 2349 283 2426 argumento
308 2345 355 2408 sel
373 2345 442 2431 solo
465 2345 499 2407 li.
520 2345 621 2409 Carrio
643 2346 679 2407 ad
694 2343 796 2409 Veler.
811 2345 854 2407 l'l.
871 2344 924 2409 111.
949 2352 1020 2408 loll.
1066 2344 1194 2423 Virgilio
1210 2346 1267 2410 boe
1285 2368 1354 2412 aar.

112 2469 176 2514 meo
200 2449 384 2526 vindicabat,
408 2455 488 2512 oerle
510 2451 609 2511 eodem
631 2452 693 2512 iure
715 2454 842 2512 nostrum
865 2469 904 2512 ex
928 2450 1040 2527 lleloga
1056 2448 1193 2529 Virgilii,
1215 2471 1296 2535 quarn
1317 2473 1356 2516 ex

112 2561 214 2621 nostro
231 2554 403 2633 Virgilium,
421 2555 585 2634 prolusisse
601 2556 772 2634 putabimus.
818 2555 980 2634 Sequuntur
998 2554 1074 2632 duo,
1093 2572 1169 2636 quae
1185 2573 1267 2637 quum
1285 2557 1355 2620 nibil

111 2657 256 2734 babeant,
286 2658 361 2739 quod
390 2676 446 2719 non
476 2660 515 2720 sit
541 2658 701 2740 antiquum,
734 2656 879 2735 Virgilio,
912 2658 956 2718 eui
987 2656 1213 2743 brimow-ab
1242 2660 1356 2725 idoneis

112 2762 298 2837 auctoribus,
327 2763 392 2822 sine
414 2763 595 2823 cunctatione
617 2760 819 2823 adscribenda.
862 2759 983 2824 Carmen
1006 2759 1045 2823 11.
1062 2752 1224 2848 dilleyo.
1248 2761 1355 2840 (Antb.
1398 2772 1406 2794 ⁸

112 2867 182 2929 lat.
211 2864 261 2927 ll.'
281 2868 416 2944 cornu.)
441 2867 661 2927 Corinthiorum
688 2875 807 2928 amator
828 2869 890 2933 iste
910 2865 1077 2928 verborum.
1127 2867 1251 2947 itemque
1280 2864 1356 2930 Gar-

113 2989 176 3033 men
206 2969 261 3034 lV.
289 2969 335 3030 ed.
364 2970 403 3030 H.
434 2967 546 3046 (Anti.
576 2968 640 3030 [rai.
662 2968 702 3032 ll.
733 2971 866 3050 ccxiv.)
916 2969 1054 3054 Superbe
1084 2969 1245 3034 Noctuine.
1290 2958 1356 3035 Vc-

112 3075 228 3136 rlsslnre
245 3076 318 3135 enim
337 3075 512 3136 Bannannus
527 3092 642 3135 versum
663 3074 778 3135 oarnrlnl
796 3092 897 3135 nonum
913 3073 1036 3134 adieolt:
1063 3074 1233 3137 Thalassio
1237 3117 1248 3150 ,
1271 3075 1356 3138 ria-

112 3180 237 3254 iassio,
263 3178 450 3240 Tbalussio:
473 3181 558 3259 atque
580 3176 656 3239 bone
678 3197 793 3239 versum
816 3177 923 3255 respiei
946 3176 984 3237 ab
1001 3177 1097 3239 Mario
1116 3177 1265 3240 Victorino
1288 3180 1357 3240 exl-

113 3283 230 3358 stlmat,
263 3270 346 3344 Altis
375 3282 425 3344 Gr.
455 3281 507 3342 lib.
531 3279 583 3342 llI.
607 3286 702 3344 2585.
725 3278 843 3342 Potselr.
889 3279 942 3341 Sie
963 3279 1045 3357 libri,
1074 3281 1122 3361 qul
1145 3281 1256 3362 quidem
1278 3281 1357 3344 lote-

113 3404 199 3464 grom
221 3386 396 3465 epigramma
417 3384 539 3461 babent,
564 3386 620 3446 etsi
644 3386 671 3444 ln
694 3382 824 3444 omnibus
848 3383 894 3445 bis
916 3387 1023 3445 lanium
1045 3383 1152 3461 legitur
1166 3383 1355 3449 exclamatlor

118 3490 271 3554 i'ialasio
301 3490 452 3552 i'bulssio
482 3488 644 3550 Vossianus
666 3487 704 3548 ll.
737 3487 888 3550 Tdalasio
909 3487 1054 3550 tbalsssu
1077 3485 1244 3564 Vieeotlna3
1271 3488 1358 3551 roa.

114 3595 200 3658 iasio
230 3594 348 3656 talasio
375 3591 490 3653 Veneta
522 3596 613 3654 1482.
661 3592 791 3653 Telesia
818 3591 947 3653 Tutasio
970 3590 1132 3663 Vossianus
1154 3588 1180 3652 l.
1223 3591 1358 3654 liiusdem

115 3699 191 3761 modi
221 3696 321 3759 librum
350 3695 544 3757 anteoeulos
572 3695 673 3757 babuit
694 3696 822 3757 Vossius
851 3695 887 3756 ad
918 3692 1024 3757 Catuli.
1053 3714 1084 3775 p.
1107 3698 1159 3757 il.
1199 3689 1248 3758 vlin
1269 3696 1359 3759 lllarli

117 3801 277 3873 Victorini,
306 3818 388 3882 quem
425 3799 599 3860 burmannus
635 3803 740 3861 tantum
769 3800 862 3860 obiter
896 3793 1108 3873 commemorat,
1138 3799 1246 3870 loeuor,
1273 3800 1359 3864 Artis

117 3905 169 3970 er.
192 3903 244 3969 lib.
260 3903 314 3966 lll.
337 3908 432 3966 2585.
456 3902 576 3966 Pulsob.
600 3904 690 3965 Facit
704 3913 867 3986 praetereo
888 3923 1009 3965 emsum
1025 3903 1181 3966 iambicum
1196 3908 1361 3968 trimetrum

117 4021 197 4085 tum,
222 4008 403 4084 Simonides,
428 4027 534 4092 quarn,
553 4008 690 4084 negotio,
707 4014 861 4091 repetitum
875 4018 938 4084 ter,
961 4007 1148 4071 baudelius
1168 4029 1259 4094 quarn
1275 4015 1361 4072 uiuat

116 4114 235 4196 secisse
261 4113 421 4194 Virpilium
441 4123 592 4186 nostrum,
617 4111 744 4174 iambico
760 4113 1004 4192 Epiprunmsate:
1026 4109 1182 4174 Thalassio
1204 4112 1360 4175 'thalassio

115 4215 286 4279 Thalassio.
325 4216 441 4300 vQuodsi
470 4215 526 4278 lroe
556 4213 698 4292 Virgilii,
731 4216 856 4276 eiusdem
884 4216 939 4278 erit
967 4214 1084 4277 alterum
1115 4217 1142 4277 in
1169 4216 1383 4292 Noetulnom,⁸

117 4317 215 4385 Germ.
237 4318 291 4382 lll.
313 4320 360 4382 ed.
382 4321 481 4398 Heyn.
516 4317 622 4393 (Antii.
653 4319 939 4398 Lat.11.ccxn1v.)
984 4320 1080 4384 Socer
1109 4321 1195 4384 beata
1223 4319 1361 4382 aeolidi

115 4445 175 4488 nee
194 4425 302 4501 uberi,
326 4425 421 4487 itidem
442 4425 523 4504 puris
545 4423 681 4504 seriptum
697 4425 815 4486 lambis:
839 4424 913 4506 quod
936 4424 1008 4486 ludit
1028 4426 1057 4485 ln
1075 4443 1163 4486 versu
1179 4422 1358 4487 Catulliana:

109 4530 221 4596 m
247 4548 397 4614 saumque
422 4528 615 4614 perdidistis
649 4532 758 4593 omnia.
809 4529 944 4610 Heynius
973 4547 1024 4591 eur
1050 4529 1162 4593 nubite
1187 4530 1360 4608 tantopere,
