2946 4988
190 206 267 276 118
521 198 524 203 ’
611 194 1012 263 asisinatensium
1085 206 1088 211 '

190 376 254 436 nius
276 371 297 435 l.
317 372 337 432 l.
367 373 491 438 Veteres
513 378 589 436 euim
610 390 718 457 omnem
739 372 935 450 magistratum
950 376 1001 435 cai
1016 383 1141 456 pareret
1154 377 1310 437 samaiim
1315 417 1327 450 ,
1339 394 1426 457 pruc-

191 488 282 543 lnrem
304 478 548 560 appellaverunt.
592 474 732 538 Similiter
754 473 867 537 illarius
880 476 1057 539 'Victorinus
1078 477 1153 555 apud
1172 475 1352 539 Gronovium
1371 477 1389 538 Ι.
1407 478 1425 538 l.

192 579 230 642 Ut
253 580 290 642 ab
313 579 368 642 bac
389 584 472 659 parte
491 587 635 662 praetor,
658 597 695 640 ea
715 578 946 656 significatione,
969 580 1144 658 respondeat
1165 585 1265 641 nostro
1290 580 1425 642 vocabulo

191 684 331 756 General,
354 681 501 745 Feldberr.
547 682 604 742 lam
626 681 695 741 vide
718 700 800 762 quarn
821 679 878 742 boc
900 701 998 761 parum
1018 685 1113 760 aptum
1136 687 1235 761 esset,
1257 685 1285 743 si
1307 683 1425 745 deuotus
1464 704 1466 729 =

192 802 283 866 agros
306 805 375 848 snos
398 784 472 848 Cato
499 786 609 845 diceret
639 784 747 844 crimini
777 802 845 845 esse
874 785 941 846 drea¹
957 783 1136 857 Generalen,
1168 785 1221 845 den
1244 785 1423 847 l'eldlrerren.

190 891 348 952 Dicendum
377 893 455 965 crat,
492 888 546 949 den
575 886 806 981 biacbtlrabem,
840 880 895 949 den
923 885 1071 962 Grossen,
1101 878 1263 967 potentum,
1297 888 1346 951 vel
1374 890 1424 951 tale

191 995 345 1076 quippiam.
397 991 452 1076 Qui
475 993 548 1053 enlm
570 982 662 1051 uariis
680 990 856 1069 temporibus
876 989 1086 1051 conturbavere
1102 990 1320 1070 rempublicam,
1341 994 1423 1054 istas-

190 1116 246 1178 que
267 1096 386 1158 odiosas
407 1113 542 1173 agrorum
564 1095 723 1155 divisiones
747 1093 808 1154 fleri
824 1094 954 1166 iussere,
979 1093 1006 1152 id
1024 1112 1080 1154 non
1098 1112 1137 1154 ox
1154 1112 1269 1155 munere
1286 1097 1422 1172 iecerunt,

189 1199 242 1261 sed
265 1199 385 1279 imperio
407 1197 521 1260 militari
543 1216 605 1258 eam
628 1198 657 1257 iu
680 1215 738 1258 rem
764 1196 847 1257 abusi
869 1200 946 1257 sont.
990 1194 1090 1275 ltaque
1111 1195 1185 1256 banc
1208 1197 1422 1276 explicationem

189 1302 266 1363 nulla
289 1320 329 1364 ex
349 1306 434 1380 parte
456 1302 576 1364 tuearis.
605 1300 691 1362 Haud
711 1299 798 1373 dubie
819 1297 943 1378 simplex
965 1298 1014 1359 ille
1036 1298 1110 1362 Cato
1130 1310 1293 1383 praetores
1314 1303 1422 1379 proprie

189 1408 281 1484 dixit,
303 1404 411 1466 usitata
433 1404 661 1481 significatione,
685 1407 771 1484 atque
794 1402 834 1464 ita
851 1405 883 1462 ut
897 1402 1110 1480 intelligeretur
1124 1402 1162 1463 ab
1177 1405 1319 1464 omnibus.
1351 1404 1421 1485 Quos

190 1527 262 1570 uero
283 1502 464 1592 praetorecl
486 1510 536 1568 aut
559 1525 640 1587 quem
661 1500 853 1586 praetorem?
875 1505 924 1568 Ad
947 1524 1008 1567 eam
1031 1524 1087 1566 rem
1110 1506 1182 1567 duas
1204 1507 1328 1568 inveniri
1343 1525 1421 1586 posse

189 1612 397 1692 responsiones
413 1612 514 1672 video:
536 1628 615 1671 unam
632 1628 670 1670 ex
685 1608 801 1686 vulgari
819 1609 970 1688 opinione,
989 1610 1105 1672 alteram
1119 1629 1157 1670 ex
1173 1629 1235 1670 mea
1251 1609 1349 1690 paullo
1364 1617 1421 1688 post

190 1712 386 1795 proponenda.
429 1714 541 1792 Nempe
563 1715 604 1788 si,
632 1715 705 1794 qnae
732 1711 865 1789 uulgaris
894 1714 1009 1792 opinio,
1040 1715 1089 1794 agi
1119 1712 1175 1774 boc
1203 1713 1269 1775 loco
1299 1714 1337 1774 dc
1358 1732 1419 1792 agro

190 1816 327 1878 militibus
349 1817 500 1893 assignato
523 1819 653 1892 statuas,
673 1826 834 1898 praetores
857 1834 925 1878 esse
938 1808 1049 1877 ‘debent
1074 1819 1260 1893 magistratus
1279 1819 1327 1898 qui
1350 1819 1420 1894 agris

191 1920 357 1982 dividendis
378 1924 540 1999 praeerant
585 1918 642 1980 lam
664 1937 736 1980 vero
758 1918 787 1979 bi
810 1921 1015 2000 magistratus,
1045 1921 1119 2002 quod
1142 1938 1198 1980 non
1220 1921 1331 1982 diserta
1354 1939 1420 1982 com

193 2028 327 2086 memorat
349 2014 477 2100 dlligens
499 2024 663 2104 caeteroqui
685 2023 722 2084 dc
744 2023 865 2085 coloniis
887 2025 1030 2102 scriptor,
1054 2023 1210 2102 Sigonius,
1233 2027 1283 2084 aut
1304 2023 1420 2103 plerum-

193 2146 263 2208 que,
292 2130 341 2188 aut
362 2127 493 2209 qnoniam
522 2126 559 2186 de
587 2125 642 2187 boc
670 2127 901 2203 ambigere'me,
933 2145 1024 2207 neque
1051 2127 1142 2206 ipsum
1172 2126 1295 2187 collecta
1324 2127 1421 2188 babere

192 2232 284 2293 omnia
306 2234 417 2309 fatcor,
440 2234 533 2292 tamen
556 2235 749 2311 nonnunquam
771 2232 918 2309 potestate
939 2232 1020 2291 iuere
1042 2231 1198 2310 praetoria.
1241 2229 1294 2291 Sic
1315 2231 1419 2293 decen-

173 2337 247 2397 vuiri
269 2336 319 2397 isti
341 2334 483 2398 Rulliani:
512 2331 583 2415 cm„
598 2334 634 2393 de
657 2331 726 2410 lege
753 2348 818 2410 agr,
841 2332 880 2409 ll.
904 2356 972 2395 xnr.
1019 2336 1050 2396 ln
1074 2333 1176 2416 quibus
1199 2336 1224 2395 si
1247 2333 1304 2396 boo
1327 2332 1420 2416 aliquid

190 2439 318 2523 inusitati
340 2437 462 2512 inisset,
493 2434 691 2497 vehementius
714 2435 908 2513 indignantem
931 2434 1098 2499 Ciceronem
1125 2437 1303 2498 uideremus.
1349 2438 1421 2500 Nunc

192 2542 259 2602 illud
283 2540 465 2618 indignatur,
487 2540 562 2620 quod
584 2543 758 2619 potestatem
780 2539 839 2600 illis
861 2540 910 2602 det
931 2540 1035 2603 Rullus
1057 2542 1150 2603 uerbo
1169 2543 1377 2624 praetorium,
1397 2557 1422 2602 re

191 2664 264 2707 vera
285 2647 410 2725 replum.
453 2642 554 2705 Paullo
576 2647 644 2722 post
665 2643 716 2705 lex
737 2644 855 2720 agraria
876 2642 949 2704 lulla
971 2645 1169 2721 Vigintiuims
1191 2662 1265 2721 agro
1287 2645 1422 2706 metiundo

191 2747 345 2809 dividendo
374 2747 459 2808 lussit
485 2734 643 2827 potestate
669 2749 831 2828 praetoria
858 2764 944 2808 esso:
978 2750 1016 2808 oi.
1039 2748 1152 2824 Fragm.
1179 2747 1257 2825 legis
1279 2749 1308 2809 in
1332 2747 1424 2811 Goesli

194 2851 372 2913 Auctoribus
394 2848 432 2911 ll.
456 2849 496 2909 A.
518 2868 549 2927 p.
572 2853 646 2910 351.
669 2848 789 2910 Sueten.
813 2838 941 2930 ¹August.
966 2873 1007 2910 rr.
1055 2849 1137 2934 Quod
1161 2834 1186 2912 si
1210 2853 1275 2932 quis
1297 2852 1422 2928 obiiciat,

192 2954 230 3013 de
250 2953 333 3028 agris
355 2952 432 3031 plebi
456 2951 617 3012 dividendis
642 2957 761 3032 utroquo
777 2935 858 3030 luco,
880 2971 936 3014 non
954 2954 991 3016 de
1009 2953 1178 3015 militaribus
1198 2954 1344 3033 coloniis,
1365 2972 1423 3015 ser-

192 3073 301 3117 monem
325 3072 408 3132 esse,
439 3058 468 3115 et
490 3052 598 3115 Sullam
625 3057 753 3116 fortasse
775 3074 857 3137 quum
878 3074 969 3133 agros
991 3060 1138 3118 veteranis
1155 3057 1321 3134 divideret,
1349 3057 1423 3119 aium

132 3232 138 3241 ,
191 3160 301 3222 modum
322 3164 471 3241 sequutum
494 3179 586 3222 esse:
610 3179 668 3238 ego
690 3160 845 3227 deurode,
875 3177 931 3240 quo
954 3159 1035 3220 Sulla
1062 3178 1132 3219 usos
1162 3161 1215 3236 sit,
1243 3159 1316 3221 nibil
1338 3159 1423 3221 babeo

193 3270 381 3344 compertum,
402 3256 455 3327 sed
477 3271 569 3328 tamen
593 3284 670 3340 sunu,
692 3262 742 3324 vel
764 3280 831 3339 eos,
855 3281 927 3344 quos
948 3261 1014 3322 lruio
1037 3265 1156 3339 negotio
1175 3264 1318 3342 praefecit
1334 3262 1421 3332 Sulla,

192 3386 244 3430 cur
264 3371 409 3447 potestate
431 3369 523 3430 minus
551 3386 632 3449 quaro
659 3369 821 3451 praetoria
850 3368 942 3428 inisse
962 3371 1109 3445 putemus,
1139 3365 1216 3427 nulla
1243 3386 1353 3429 caussa
1373 3375 1421 3428 est
1462 3430 1465 3455 ἶ

192 3471 246 3534 sm
272 3473 353 3534 iussu
380 3470 518 3536 Caesada
548 3471 584 3556 Q.
608 3470 753 3533 Valerium
781 3468 884 3531 (iream
913 3472 1027 3530 missum
1058 3470 1188 3548 reperio,
1218 3468 1348 3547 legatum
1372 3489 1422 3554 pru
1461 3458 1465 3521 '³

189 3583 354 3657 praetores
374 3573 438 3639 (lic.
460 3575 557 3655 lipist.
577 3576 654 3637 Fam.
676 3573 761 3636 Xlll.
785 3596 827 3633 rr.
851 3579 880 3634 et
902 3596 933 3634 v.
963 3573 1063 3635 Minus
1085 3577 1200 3634 constat
1221 3574 1259 3634 de
1280 3571 1378 3636 Cluvii
1398 3579 1423 3634 et
1462 3588 1466 3663 2

191 3676 230 3740 de
252 3678 354 3741 llutilil
377 3680 496 3757 negotio
524 3697 560 3741 ac
581 3680 743 3758 potestate,
773 3676 843 3736 ibid.
866 3676 960 3755 Epist.
984 3699 1038 3737 vn.
1061 3700 1127 3737 mn.
1172 3677 1323 3753 Agrorum
1352 3679 1423 3739 diri-

65 3854 68 3859 ⁸
192 3781 267 3842 sioni
289 3784 332 3860 ei,
349 3800 436 3864 -quae
456 3782 611 3860 Virgilium
633 3781 746 3857 attigit,
778 3786 929 3859 praeerat,
958 3781 1005 3860 qui
1036 3785 1123 3841 totam
1152 3780 1278 3857 regebat
1306 3783 1424 3860 provin·
1464 3814 1466 3857 q

191 3885 282 3964 dam,
304 3883 427 3947 Asinius
449 3884 559 3948 Pollio:
590 3887 616 3947 sl
640 3870 831 3946 ildesseruii
853 3883 1017 3964 Donatiqoo
1038 3884 1130 3961 locis,
1161 3883 1197 3944 de
1218 3884 1323 3964 quibus
1345 3885 1424 3964 llcy-

85 4040 88 4051 .
190 3988 257 4049 nius
278 3988 308 4064 ln
329 3988 400 4050 Vlla
421 3987 539 4066 Virgilii
560 3989 596 4051 ad
617 3998 718 4048 aucum
743 3988 814 4047 113.
838 3989 973 4067 disputat.
1007 3987 1046 4050 Ut
1067 3989 1215 4066 aptissime
1238 3984 1313 4050 Cato
1334 4008 1425 4070 prae-

192 4101 285 4154 torem
306 4102 461 4170 accusare,
482 4093 549 4153 sive
569 4101 749 4174 praetores,
780 4091 928 4154 videatne·
1009 4093 1207 4154 Verumtamen
1229 4109 1292 4153 mea
1314 4093 1354 4154 ab
1376 4091 1427 4154 bac

193 4194 310 4255 diuersa
332 4195 428 4274 opinio
447 4199 506 4255 est.
550 4195 756 4257 Denroustravi
778 4197 805 4256 in
829 4195 898 4257 Vita
920 4192 1059 4271 Catonis,
1083 4193 1131 4255 vel
1155 4196 1284 4275 quoniam
1307 4195 1427 4258 mos-

193 4301 297 4362 atruoi
318 4314 382 4360 non·
396 4298 489 4360 audeo
511 4298 626 4375 dicero,
647 4316 730 4379 quum
752 4316 801 4359 res
823 4300 851 4359 io
874 4299 1037 4361 conlectura
1058 4300 1154 4378 posita
1166 4299 1223 4375 sit,
1246 4302 1429 4380 quantumuis

156 4428 159 4432 ·
189 4400 354 4485 probabili,
386 4401 580 4463 demonstrare
600 4401 696 4462 studui
718 4418 735 4461 e
757 4399 914 4476 Suetonio,
943 4401 992 4462 bis
1013 4400 1165 4480 spoliatum
1186 4401 1346 4481 Catonem,
1375 4403 1430 4466 lmc

189 4509 258 4584 ut,
279 4520 380 4584 agrum
401 4505 491 4586 primo
512 4504 702 4569 ablsdlcutum
724 4503 829 4568 camni
851 4505 965 4569 sellom
985 4503 1127 4584 tudromii,
1156 4522 1251 4568 ouran
1272 4512 1430 4586 praetore,
