2948 4986
426 188 481 252 nn
502 185 624 253 POESI
646 186 903 265 (temerarie.
1208 195 1287 273 ηδ

217 362 363 425 rtucrurr
383 367 478 425 emate
501 368 533 426 is
554 370 705 448 aequoreo
727 365 900 445 navifrcpa
920 364 1026 445 tinctu.

38 465 144 548 Atque
166 466 209 529 sic
231 464 366 527 facillime
387 467 456 532 oriri
478 467 573 545 potuit
596 465 730 527 librorum
753 469 929 549 antiquorum
951 468 1081 530 mendum
1103 469 1288 549 mfrapia·

520 591 551 632 v.
575 573 648 632 369.
676 571 727 632 to.

216 672 297 735 letic
318 654 546 757 recipiendaeque
573 672 668 735 dcccc
692 673 804 735 deuota
824 675 985 757 triumphis

219 778 349 840 Moenia
372 796 449 860 quoe
472 776 603 858 rapidos
625 776 746 858 libycae
768 779 962 858 eartdapr'nie
983 780 1116 842 doment.

42 881 96 943 Sic
119 878 228 957 reigo,
262 881 327 941 inde
350 899 368 941 a
395 880 460 942 cod.
491 879 664 941 Basiieensi.
711 878 773 942 Una
803 879 915 943 Veneta
945 881 1053 944 Achai.
1083 881 1140 944 hoc
1163 883 1289 945 ordine:

43 985 93 1049 M.
110 1007 140 1069 p.
156 984 257 1065 lpiice
276 985 418 1065 rapidos.
463 983 569 1046 Verum
591 981 647 1043 imo
668 982 736 1046 iere
759 987 823 1062 est,
846 988 876 1047 et
897 985 966 1046 nihil
989 987 1046 1047 nisi
1070 988 1169 1049 uitium
1184 987 1289 1048 editio-

42 1089 88 1149 nia
110 1087 206 1149 lunius.
252 1086 398 1164 Egomtlai
419 1087 664 1167 operaepretium
686 1088 795 1151 fecisse
817 1088 846 1148 in
869 1087 934 1151 ioco
957 1089 1124 1151 difficillimo
1147 1090 1289 1174 vidciror,

42 1193 69 1253 ei
91 1192 217 1253 docuero
241 1210 296 1259 non
319 1195 374 1253 tam
397 1190 535 1252 mirabilia
558 1192 586 1251 in
608 1190 692 1251 lituris
714 1192 833 1270 scriptis
854 1192 980 1274 antiquis
1002 1194 1193 1271 circumferri,
1208 1212 1291 1275 quam

41 1295 263 1358 Friesemannus
284 1300 314 1358 et
336 1295 471 1372 Heynins
494 1295 632 1357 referunt.
679 1292 718 1356 Ut
740 1294 816 1376 quod
837 1295 913 1374 apud
936 1295 1082 1375 Hcynium
1104 1297 1229 1375 iegitur,
1260 1298 1290 1358 iu

41 1398 205 1460 Petsviano
228 1404 297 1460 ess'e
310 1399 447 1462 letarum
467 1397 646 1480 piadacpuc
666 1397 761 1461 duces
786 1419 867 1482 puae
887 1418 950 1463 voc
967 1402 1141 1484 triumphet.
1186 1400 1290 1464 Thoa-

42 1518 117 1564 neos
140 1505 171 1564 et
186 1501 381 1580 Poterimus,
405 1501 515 1564 Vossio
538 1503 687 1564 testante:

216 1606 252 1669 le
276 1615 393 1670 ntorum
413 1607 592 1691 pictaeque
619 1605 715 1668 duces
738 1626 862 1690 puerum
886 1607 999 1670 decora
1020 1609 1182 1693 triumphis

217 1711 345 1773 Moenia
367 1710 493 1792 rapidis
515 1709 657 1791 Libycae
678 1712 879 1799 Cortdapiraie
906 1712 1039 1774 horrent.

41 1815 74 1876 ct
95 1813 141 1874 sic
162 1813 371 1890 Augustanus,
400 1814 455 1879 nisi
479 1813 553 1894 quod
578 1812 626 1874 iric
650 1813 787 1876 istarum
808 1813 914 1890 habet,
943 1817 1085 1876 et¹versn
1105 1813 1199 1878 altero
1220 1819 1293 1898 rapi

42 1919 96 1982 dic
121 1935 184 1978 com
205 1917 377 1995 intervallo,
407 1917 484 1998 quod
515 1916 626 1979 duabus
649 1917 775 1979 sufficiat
801 1916 927 1983 litteris:
954 1936 1048 1981 acre
1076 1937 1148 1980 vera
1175 1920 1292 1999 primum

41 2021 204 2100 scripserat
226 2019 360 2081 librarius
382 2006 490 2103 rapio,
513 2019 566 2081 scd
589 2023 695 2100 postea
717 2019 827 2083 deterit
849 2042 878 2084 s.
923 2022 995 2083 'l'um
1017 2022 1141 2104 lybicae
1162 2022 1292 2100 August.

42 2123 121 2208 Quid
135 2121 192 2184 noc
208 2108 282 2187 neti
303 2123 463 2185 Missnmue
479 2123 621 2210 iaciemus
644 2126 825 2197 monstrum„
838 2130 867 2186 et
889 2143 942 2204 pro
964 2143 1001 2203 eo
1025 2124 1189 2202 vulgatam,
1212 2145 1295 2208 quam

42 2227 127 2305 dixi,
156 2228 324 2306 scripturam
352 2219 577 2306 ampiectcrnuri
613 2225 831 2289 Proiecto-non
853 2228 1009 2290 iaciemus:
1039 2229 1122 2290 nimis
1155 2228 1204 2290 iiia
1226 2247 1293 2290 ccr-

40 2334 183 2395 rectorem
206 2330 313 2410 prodit.
357 2330 522 2391 Vossianus
545 2334 597 2398 8¹·
627 2330 704 2391 itae.

216 2435 422 2519 Scipiadacqt
453 2434 548 2496 duces
572 2452 696 2517 quorum
718 2432 832 2495 deuota
852 2435 1011 2516 triumphis

216 2537 328 2600 Merra
348 2540 483 2600 romania
506 2537 599 2600 tibine
618 2540 793 2618 cartapinie
814 2538 946 2601 horreat.

40 2659 118 2725 qnae
138 2643 186 2703 est
207 2639 297 2702 altera
319 2639 375 2711 inci
399 2641 506 2720 pridem
529 2641 656 2719 corrupti
678 2642 855 2716 cruendatio,
870 2638 975 2701 nucitum
993 2643 1160 2705 concinnum
1178 2662 1293 2705 sensnm

40 2746 166 2808 iaciens.
209 2743 348 2821 Magnum
371 2745 436 2826 qnid
460 2742 508 2805 hic
532 2743 675 2804 turbatum
698 2761 767 2805 esse
788 2744 873 2807 etiam
896 2762 932 2806 eo
954 2745 1116 2822 evincitur,
1141 2746 1215 2827 quod
1240 2749 1293 2808 vix

41 2855 140 2929 aptum
170 2866 233 2909 cum
261 2848 503 2928 praecedentibus
533 2864 637 2907 nexum
671 2848 821 2928 quisquam
851 2849 990 2911 inueniat.
1041 2849 1176 2927 Heanns
1204 2866 1291 2911 versu

41 2952 180 3034 praeced.
206 2952 304 3014 nescio
327 2951 410 3012 cuins
427 2951 620 3013 coniecturam
634 2952 764 3013 inrorat
776 2950 871 3029 dedit,
891 2955 949 3014 tum
971 2953 1045 3015 ittic
1061 2952 1294 3037 Scipiadam-me

40 3061 74 3120 'et
95 3074 158 3119 cum
182 3052 304 3139 uulgata
326 3074 403 3139 pace
422 3055 573 3138 rapidos:
598 3071 673 3135 qnae
695 3054 787 3115 omunia
805 3055 859 3115 iarn
874 3054 950 3135 apud
970 3055 1116 3119 Bemlnum.
1161 3056 1205 3119 At
1226 3056 1292 3119 libri

42 3165 101 3225 taur
122 3160 244 3239 scripti,
272 3159 357 3220 etiam
381 3156 547 3221 Vossianus
569 3162 621 3220 81.
644 3175 726 3240 quam
749 3155 870 3235 vulgata
891 3176 949 3227 non
970 3161 1115 3240 decorat,
1144 3161 1197 3222 sed
1222 3178 1292 3223 una-

43 3264 111 3326 nimi
133 3278 300 3325 consensu:

218 3365 291 3428 Iure
312 3367 408 3445 ipitur
428 3364 507 3428 talio
530 3365 623 3428 sedeo
644 3367 774 3448 pictatia
796 3366 935 3429 domares.

42 3469 102 3555 Qui
124 3487 229 3535 versus
250 3487 305 3549 per
325 3486 359 3531 sc
387 3469 492 3531 honum
520 3487 636 3529 sensnm
664 3467 801 3546 praehet,
831 3468 912 3529 modo
943 3468 1107 3546 distinguas
1129 3472 1199 3548 post
1222 3488 1288 3530 voc.

43 3575 161 3649 redeat
184 3573 372 3654 incipitur
393 3574 472 3635 tatio
495 3571 606 3647 aeder,
627 3573 757 3654 pietatis
779 3571 920 3633 tortores.
940 3570 978 3631 ad
1003 3588 1070 3633 voc.
1090 3572 1220 3637 donoree
1243 3575 1290 3634 fa-

43 3676 103 3741 oiic
129 3675 280 3756 suppletur
307 3676 401 3738 talen.
446 3673 493 3739 Gi.
519 3685 553 3737 'm
581 3679 655 3738 att.
683 3678 715 3737 8.
764 3673 869 3734 Verum
899 3692 992 3747 nexus
1021 3674 1201 3738 desideratur
1228 3695 1290 3739 cum

42 3780 243 3862 nocentibus.
288 3781 382 3858 lgitnr
404 3783 454 3841 aut
475 3778 559 3840 alium
582 3780 610 3853 in
633 3778 724 3841 iocum
747 3778 963 3840 transferendus
994 3780 1050 3842 'erit
1080 3799 1185 3843 versus
1218 3782 1292 3845 Iure

42 3887 140 3966 r‘pttrrr
161 3887 217 3946 etc
242 3885 273 3947 ut
295 3883 448 3947 videbatur
464 3880 650 3961 ¹Scaliger'oa
682 3900 847 3964 quamquam
875 3897 912 3942 nc
940 3881 984 3943 sic
1011 3883 1121 3964 quidem
1141 3883 1231 3967 liquet
1252 3887 1290 3949 dc

43 3987 185 4051 versibus
205 3988 253 4070 qni
273 3993 448 4069 sequuntur3
471 3991 538 4064 aut,
558 4007 631 4069 quae
646 4006 709 4049 anea
732 3984 896 4049 coniectura
903 4028 914 4062 ‚
938 4005 1045 4049 versos
1068 3987 1179 4050 excidit
1201 4009 1289 4068 nnus,

43 4093 127 4155 cuius
148 4091 293 4153 residuum
316 4092 344 4152 in
366 4108 441 4152 voce
472 4090 718 4168 immoremini,
747 4091 776 4152 in
798 4108 888 4152 versu
911 4107 986 4152 nunc
1007 4088 1191 4170 hypermctro
1215 4095 1290 4156 anti-

43 4214 163 4280 quorum
185 4194 330 4259 librorum.
373 4195 428 4258 Est
450 4197 480 4256 et
501 4193 577 4256 aiios
605 4194 686 4257 incus
715 4191 848 4271 (inticis,
879 4194 907 4255 in
935 4212 991 4276 qno
1020 4195 1113 4276 magis
1134 4196 1290 4275 perspicua

42 4299 165 4363 lacenae
187 4299 310 4372 indicia,
334 4297 369 4359 dc
392 4317 449 4380 quo
472 4316 530 4374 ego
552 4298 581 4358 in
603 4298 698 4361 fronte
720 4297 803 4359 Diss.
822 4296 877 4359 lv.
921 4298 995 4380 Quid
1018 4297 1067 4360 iiio
1090 4317 1179 4360 versu
1201 4303 1289 4378 poeta

43 4404 170 4474 dixerit,
194 4402 313 4484 etquid
335 4421 376 4471 ex
398 4403 532 4482 corrupta
554 4419 629 4465 voce
644 4402 768 4484 rapidis
783 4399 949 4463 eliciendum
963 4403 1018 4481 sit,
1039 4403 1187 4478 incertum.
1209 4402 1288 4480 ligo,

44 4524 85 4573 ne
108 4500 297 4584 ἀσύμβολος
310 4507 476 4587 discedam,
498 4522 614 4571 sensum
628 4505 719 4569 tuisse
735 4503 841 4577 tatem:
863 4505 936 4579 tete
949 4504 1038 4579 sodes
1052 4507 1132 4570 iure
1142 4515 1173 4571 et
1186 4505 1287 4586 titum
