2948 4986
429 173 472 236 lll
499 173 665 238 thllllll
687 173 868 240 CATONIS
884 175 1027 241 limas.
1297 181 1349 251 ⁷9

172 344 298 408 Nosset
318 351 376 409 iter
397 347 511 411 decens
529 349 568 411 u.
585 359 607 410 1.
625 347 661 409 ln.
673 349 762 420 Dilis
775 350 866 411 Autv.
882 354 973 410 1556.
1000 354 1090 411 1586.
1111 354 1143 413 et
1158 352 1203 412 414
1215 351 1269 411 iarn
1288 353 1350 412 orat

106 449 245 526 innarg.
265 450 402 528 lingunt.
425 455 515 513 1549.
543 452 596 512 sed
614 450 683 512 nihil
698 448 756 512 lroo
773 455 820 514 444
835 452 890 513 4141
905 453 1019 525 vitium,
1036 455 1156 517 Nosset
1166 474 1206 515 ex
1219 454 1349 518 Noseet.

169 653 210 716 V.
235 659 288 717 42.
332 671 479 724 4444444
496 671 674 725 44444444
693 671 852 726 urrunnu
869 671 919 725 ux
937 673 1071 727 ouuruu
1089 675 1204 729 44444.
1255 660 1349 721 vine.

112 763 164 820 turn
186 761 281 821 luisse
303 761 384 822 iuxta
406 760 509 821 silvani
531 766 662 840 apparot.
692 761 741 823 Ao
764 762 891 824 fortasse
913 781 951 823 ex
971 761 1028 823 144
1050 764 1114 843 ipso
1139 767 1237 826 vineto
1259 783 1349 826 uuam

114 864 274 946 decerpens
298 844 392 942 invdia
412 862 567 946 xcogitanda
590 870 651 943 est,
673 865 703 926 iu
725 864 838 942 lleloga
860 886 892 927 v.
908 871 958 926 11.
1002 865 1086 928 Nune
1108 885 1168 928 eum
1191 885 1226 928 eo
1248 868 1348 931 vineto

115 966 240 1027 lammam
263 969 479 1043 communicari,
507 974 537 1030 et
559 969 675 1030 extendi
697 987 751 1047 per
772 973 894 1044 segetes
916 988 946 1029 v.
971 971 1021 1029 la.
1046 973 1098 1030 44.
1132 974 1163 1031 44
1184 989 1237 1048 per
1258 975 1348 1032 toturn

116 1073 602 1146 promeruissemus.
652 1072 778 1135 Vicinae
804 1075 860 1132 tarn
890 1069 1040 1133 obscurum
1069 1074 1121 1134 luit
1149 1071 1288 1148 Heinsio,
1316 1078 1347 1135 ut

117 1190 206 1234 rursus
227 1175 333 1238 inierat
354 1175 477 1236 Aetnam
498 1194 593 1236 suain:
617 1174 747 1252 videtur,
768 1171 1011 1255 144414,0444414
1031 1174 1347 1238 411141444444441-

117 1293 161 1337 444
181 1278 280 1345 414144
301 1279 395 1340 141444
415 1286 465 1340 444
480 1278 620 1340 Vesuvio.
651 1277 711 1340 Sed
732 1278 827 1340 statim
848 1281 969 1341 vitinus
987 1278 1138 1357 seualle,
1160 1279 1211 1340 vel
1229 1282 1346 1357 uicino,

117 1378 192 1442 addit.
236 1381 276 1442 111
304 1382 430 1445 Vicinus
460 1380 624 1444 Gronovius
654 1383 818 1444 coniecerat
843 1381 919 1461 apud
941 1380 1110 1442 Aruoldunn.
1153 1381 1203 1443 Ad
1231 1400 1346 1445 sensum

117 1483 274 1544 normale:
303 1485 359 1546 444
381 1485 545 1562 elegantius
573 1485 609 1546 44
631 1485 755 1546 dammas
783 1487 906 1546 refertur
932 1469 1091 1564 epitheton.
1135 1483 1249 1567 Quippe
1264 1484 1347 1547 silva

117 1606 188 1667 quum
210 1587 310 1663 ardet,
331 1594 362 1651 et
383 1606 466 1669 quum
487 1593 608 1652 vicinae
629 1589 754 1649 4444444
775 1604 880 1668 rapere
902 1589 980 1650 vites
1001 1588 1149 1656 dicuutur,
1172 1572 1277 1667 sponte
1299 1588 1346 1649 in-

117 1689 260 1767 telligitur,
283 1694 362 1752 vites
384 1693 468 1753 otiam
490 1693 569 1770 ipsas
592 1710 660 1753 esse
681 1694 813 1754 vicinus.
836 1690 869 1752 ld
888 1692 1112 1768 senserat‚‚nisi
1127 1690 1228 1769 fallor,
1245 1690 1346 1753 Gloss.

117 1791 146 1853 V.
157 1794 180 1854 l.
202 1795 250 1876 qui
272 1785 666 1874 apposuit'expliootiononn:
689 1795 797 1856 damme
814 1797 940 1874 rapiant,
958 1794 1110 1872 invadant,
1125 1794 1239 1856 4141444
1257 1796 1345 1856 41444.

167 1881 350 1977 44444144,
372 1895 505 1975 ἑφεξῆς,
527 1898 642 1961 uuilon
664 1901 712 1960 est
734 1905 824 1960 ulrum
845 1901 900 1974 411,
923 1917 1004 1959 unam
1026 1898 1114 1959 vitem
1130 1901 1197 1977 post
1212 1896 1345 1976 alteram,

116 2017 142 2061 ru
162 2021 219 2064 suo
243 2002 329 2078 loeo,
350 2013 425 2084 post
447 2003 573 2065 eduam.
601 2002 656 2064 1114
672 2003 886 2080 significatione
907 2000 994 2063 valde
1015 2002 1148 2063 usitatum
1169 2023 1209 2063 44
1230 2003 1344 2064 ordine.

116 2103 229 2167 lueilius
251 2105 365 2168 XXIX.
387 2106 490 2186 fragm.
513 2127 542 2166 r..
586 2106 678 2169 Adde
706 2107 788 2169 ulios
816 2125 917 2169 omnes
942 2123 1005 2168 meo
1031 2105 1147 2187 periclo
1173 2123 1212 2165 ex
1234 2101 1344 2166 ordine.

116 2206 179 2270 ldern
193 2209 249 2271 lV.
271 2210 307 2270 ir.
327 2232 348 2268 1.
370 2209 554 2290 compellans
576 2215 696 2290 pamiae
718 2227 758 2271 ex
778 2209 880 2270 ordine
901 2220 1035 2272 nostrus.
1064 2208 1214 2270 Lueretius
1226 2207 1257 2271 1..
1271 2213 1344 2271 606.

113 2310 254 2375 114311.
278 2315 351 2374 518.
375 2318 446 2374 911.
471 2314 509 2376 V.
533 2319 604 2375 419.
637 2310 714 2375 Ciris
737 2333 766 2372 v.
789 2316 862 2374 411.
899 2313 1007 2376 Viriola
1030 2322 1075 2375 tot
1096 2313 1246 2374 assiduos
1266 2332 1344 2393 perer

113 2416 174 2479 delo
197 2436 237 2478 ex
258 2416 359 2477 ordine
381 2417 477 2478 14444.
521 2414 670 2493 Virgilius
695 2417 818 2479 4441.
842 2422 914 2478 456.
945 2413 1156 2477 414441114444
1182 2432 1222 2475 ex
1242 2414 1344 2475 ordine

111 2538 233 2601 mnas.
277 2520 336 2581 Pro
359 2539 415 2601 quo
443 2524 474 2581 ia
501 2523 606 2583 ordine
633 2523 773 2601 reperitur
802 2521 965 2602 aliquoties.
1009 2517 1089 2583 Giris
1111 2539 1143 2579 v.
1166 2523 1219 2579 19.
1260 2518 1344 2598 Erpo

113 2622 274 2686 Palludioe
295 2635 437 2687 terentio
465 2626 494 2685 14
521 2626 622 2687 ordine
642 2645 774 2708 pupinus.
819 2622 946 2686 14411144
967 2622 1022 2685 Χ1.
1052 2623 1088 2687 ir·
1112 2644 1164 2682 xv.
1210 2621 1345 2684 1114411

110 2745 296 2804 consessuri,
316 2729 475 2812 pellesque
496 2739 529 2790 41
550 2730 577 2788 14
601 2729 702 2791 ordine
723 2739 834 2790 tentae.
865 2728 971 2790 Verunr
993 2744 1087 2808 neque
1108 2725 1226 2787 alteram
1246 2724 1343 2805 expli-

111 2832 240 2893 adonem
263 2833 461 2892 consuetudini
484 2850 647 2910 repugnare
674 2833 814 2892 sermonis
835 2835 916 2910 puto.
959 2828 1048 2897 certe
1075 2833 1120 2892 414
1141 2829 1268 2893 Lucilius
1290 2849 1342 2891 or·

111 2933 284 3008 44441414,
307 2933 345 2994 V.
365 2937 400 2994 fr.
420 2958 485 2995 xiv.
514 2936 628 2998 Flebile
648 2956 742 3019 coepe
763 2936 868 3011 simut,
891 2936 1133 3020 lacrimososque
1154 2934 1255 2995 ordine
1276 2933 1342 2995 141-

109 3036 159 3101 144.
193 3037 224 3098 lr.
247 3057 275 3098 e.
297 3036 385 3100 441144
407 3056 461 3099 444
483 3038 565 3099 loeo:
593 3057 648 3098 444
672 3045 702 3100 44
724 3039 823 3118 plures
845 3038 929 3100 441144
951 3056 1031 3099 unani
1055 3041 1123 3117 post
1143 3037 1261 3099 alteram
1283 3055 1338 3116 ap·

110 3142 281 3219 putreat,
310 3143 362 3202 sed
386 3145 417 3203 44
438 3140 522 3202 talias
552 3143 633 3203 iuxta
658 3141 732 3203 41144
760 3143 854 3203 oiluos.
896 3142 996 3224 Atque
1023 3141 1080 3203 lroo
1108 3143 1241 3221 praefero
1261 3141 1338 3221 apud

110 3239 248 3307 Catonem.

172 3450 211 3512 V.
235 3455 287 3513 43.
311 3455 341 3511 4.
386 3465 600 3520 Pascnnuuo
617 3463 793 3530 SEGE'OEE,
811 3465 1138 3521 4111441414111444
1156 3465 1254 3519 Alton
1268 3469 1323 3518 444.

110 3550 220 3617 lioelrat
248 3556 290 3616 ita
318 3555 512 3633 distinguere:
549 3557 673 3620 Vicinos
700 3557 836 3636 11444444
864 3562 990 3637 rapiant
1016 3576 1055 3616 es
1081 3575 1108 3617 4.
1140 3560 1238 3632 vites,
1256 3557 1339 3619 Pa-

111 3670 228 3723 4444144
250 3671 387 3742 44941444
411 3667 441 3722 44
463 3672 583 3741 repetes
601 3664 682 3721 esset
697 3659 902 3735 aecusativus,
925 3665 956 3721 et
969 3663 1063 3743 pasci
1076 3659 1238 3720 dicerentur
1253 3660 1340 3740 flauu-

110 3779 182 3842 nae,
211 3783 271 3846 quo
293 3764 375 3825 modo
398 3765 548 3825 Prisciano
571 3763 624 3824 liu.
645 3763 760 3826 XVlll.
786 3768 879 3842 1166,
908 3762 1102 3840 observante,
1129 3762 1270 3842 Virgilius
1292 3764 1339 3826 lo·

111 3869 192 3944 quitur
204 3867 378 3945 Georg.lll.
389 3872 461 3930 1114.
478 3868 826 3931 Poscuntur-siloas.
849 3868 933 3945 ligo,
944 3871 975 3928 ut
990 3864 1116 3929 alacrior
1131 3866 1212 3930 lieret
1229 3886 1338 3944 sermo,

111 3984 136 4030 ue
154 3973 248 4049 mgis
271 3972 386 4049 varius,
408 3973 565 4048 seiungere
587 3969 660 4032 liaeo
682 3991 700 4032 4
722 3989 811 4032 vorsu
832 3971 969 4050 praeced.
991 3987 1172 4048 44444444,
1192 3971 1339 4033 Pascen-

110 4079 150 4134 144
168 4085 308 4156 repetes,
336 4077 368 4136 ut
389 4085 509 4155 sepcies
533 4076 724 4138 nominativus
744 4074 801 4135 sit:
829 4075 886 4136 etsi
918 4073 988 4135 nihil
1018 4091 1092 4135 4444
1114 4072 1205 4135 simile
1226 4073 1337 4150 habeo,

110 4183 293 4259 unesrquam
311 4177 387 4259 quod
402 4189 516 4260 pastos
530 4179 671 4256 reperitur
685 4177 898 4255 significatione
909 4178 1039 4256 passiva,
1054 4182 1207 4239 oomestus.
1225 4177 1338 4239 Deinde

112 4291 142 4338 tx
160 4279 243 4342 Livio
264 4279 363 4342 XXV.
387 4303 449 4360 xri,
474 4286 524 4342 16.
553 4285 584 4342 41
605 4281 716 4362 quidem
739 4299 779 4342 ex
801 4281 924 4342 oarmiue
944 4278 1049 4342 Marcii
1072 4281 1167 4353 vatis,
1190 4279 1336 4341 laudatur:

111 4395 167 4444 1444
181 4389 211 4448 14
222 4386 328 4448 Divus
341 4390 513 4467 exstirparet
524 4385 698 4468 perduelles
714 4394 858 4461 uestros,
874 4388 927 4468 pur·
940 4395 1063 4446 nestros
1080 4403 1204 4464 ournpos
1217 4387 1337 4461 paseunt

111 4485 237 4558 1144144.
284 4472 356 4552 'sie
377 4490 432 4551 iam
453 4488 596 4551 lloruitius
618 4491 649 4552 et
669 4488 777 4551 Badius
798 4505 938 4568 aeoepere
960 4491 1104 4568 nostruin,
1127 4489 1174 4569 qui
1190 4487 1336 4550 Puseorr-
