2948 4986
107 186 192 260 364
516 232 519 237 .
573 181 846 248 utssult'lutuc
868 180 922 244 lV.
944 224 947 230 -
979 172 983 179 ’

83 362 86 370 ’
109 358 223 438 potuit,
256 360 287 419 ut
309 359 356 439 qul
379 357 531 435 Virgilium
553 357 676 419 aliamve
698 345 943 436 scriptorempro
965 354 1098 415 mercede
1120 354 1303 415 scribendum
1326 355 1349 414 ir

108 481 147 523 se
168 448 348 539 recepisset,
379 480 442 522 euno
464 480 504 523 ex
525 462 599 522 libro
623 461 719 537 edito,
753 460 829 542 quod
852 459 939 522 multo
961 458 1092 534 lucillus,
1114 478 1198 540 quam
1223 478 1264 520 cx
1286 457 1350 519 libro

110 565 245 643 scripto,
277 564 374 626 mallet
394 566 536 629 scribere.
581 565 612 625 ld
643 564 785 626 accidisse
807 566 941 643 suspicor
963 565 991 625 in
1014 560 1277 642 Goelplncrbytaco
1298 559 1351 623 (lc

88 666 193 744 tulli,
231 666 339 728 'libelli
368 673 399 729 et
427 669 570 747 Propertii
598 669 720 738 codice,
739 671 791 729 cd.
815 666 934 728 altiss.
965 684 1046 749 quero
1076 666 1205 727 codicem
1235 684 1351 746 quana

114 768 216 835 Gallis
227 777 403 851 asportatum
415 772 545 833 Parisios
568 774 597 833 in
616 771 824 832 Bibliothecam
847 776 915 832 tunc
930 769 1123 850 lmpcrialcnr,
1149 787 1212 830 curu
1225 768 1352 845 burgaro

113 873 161 933 dic
183 891 219 934 ac
240 873 424 936 vehementer
454 874 624 952 doluissem,
648 879 769 953 postea,
801 875 864 935 dum
894 881 1040 952 receptum
1061 891 1096 935 ac
1118 874 1285 934 restitutum
1308 873 1350 933 lli-

113 976 280 1039 bliotbccae
302 976 577 1058 Gurrlpbcrbytauac
598 979 745 1053 examino,
777 978 939 1055 elegantem
970 996 1006 1038 ac
1035 977 1121 1038 valde
1151 976 1273 1036 nitidum
1296 994 1353 1036 esse

109 1079 274 1157 intellexi,
288 1088 318 1142 at
339 1101 371 1142 re
394 1101 466 1142 vcra
488 1083 599 1143 duobus
621 1080 687 1142 allis
709 1081 878 1156 codicibus,
901 1081 953 1142 Nr.
968 1086 1041 1143 283.
1065 1079 1139 1143 Gud.
1165 1087 1197 1141 et
1220 1079 1275 1140 Nr.
1289 1083 1352 1140 332.

115 1183 189 1246 Gud.
213 1203 287 1265 quos
309 1190 366 1246 tum
383 1181 458 1245 Galli
472 1184 659 1266 reliquissent
672 1183 899 1264 Guelpberbyti,
923 1184 1008 1244 oculto
1032 1184 1216 1245 deteriorem.
1249 1182 1354 1264 Quippe

114 1293 171 1348 lam
193 1287 295 1348 sirrcilis
319 1293 365 1350 est
382 1289 505 1349 edamur
528 1288 626 1349 borum
648 1294 796 1367 poctarum
812 1278 983 1348 'arciacas
1007 1286 1169 1363 (1486.),
1199 1291 1233 1348 ut
1256 1291 1305 1346 aut
1323 1303 1353 1345 cx

113 1390 171 1453 boc
194 1392 294 1453 codice
316 1392 404 1453 editio
427 1391 565 1454 Brixiaua
588 1377 732 1470 expressa
754 1409 842 1472 esse,
864 1397 934 1463 aut,
958 1390 1032 1472 qood
1056 1389 1143 1452 nrulto
1163 1389 1353 1470 probabilius,

115 1495 210 1556 codex
231 1494 397 1574 descriptus
424 1513 463 1554 ex
487 1494 624 1554 Brixiana
647 1512 714 1555 esse
736 1494 851 1556 debeat.
902 1494 996 1572 Igitur
1017 1514 1100 1576 quum
1123 1497 1172 1555 uni
1195 1515 1214 1556 e
1237 1497 1355 1574 scripto-

115 1599 213 1675 ribus,
236 1617 309 1679 quos
332 1598 435 1660 mullos
464 1579 604 1660 Matthias
628 1599 773 1662 Corvinus
796 1596 945 1674 intenta,
976 1600 1006 1658 et
1032 1599 1154 1663 maxime
1177 1599 1337 1660 Florentiae
1345 1638 1354 1672 ,

113 1699 229 1779 alebat,
253 1704 284 1762 ut
303 1688 496 1780 locupletaret
524 1700 733 1763 bibliothecam
763 1703 945 1763 Budensem:
978 1721 1041 1762 uam
1064 1720 1128 1762 eam
1149 1703 1295 1779 originem
1316 1701 1356 1761 vi-

113 1807 179 1865 deri
201 1803 285 1867 brrius
307 1804 416 1865 codicis
439 1824 507 1866 esso
530 1805 627 1867 docuit
649 1825 693 1866 me
708 1805 880 1882 baogerus:
904 1806 994 1882 igitur
1016 1826 1098 1887 quum
1121 1807 1170 1866 uni
1195 1824 1212 1866 e
1237 1807 1356 1885 scripto-

114 1908 198 1970 ribus
221 1910 285 1969 istis
308 1909 469 1986 impositum
492 1911 615 1986 luisset,
639 1908 837 1979 utCatullurna
861 1908 1005 1969 Tibullum
1028 1915 1057 1970 et
1080 1909 1268 1989 Propertium
1290 1909 1356 1970 scri-

117 2013 217 2087 beret,
240 2011 289 2073 ille
312 2031 389 2089 non,
412 2015 486 2094 qnod
511 2014 704 2092 exspectabat
720 2013 818 2087 Rex,
834 2031 872 2073 ex
896 2012 1143 2091 veteri‘cxemplo
1167 2011 1356 2092 scripto,sed

116 2135 157 2178 ex
180 2119 306 2184 editione
328 2118 466 2179 Brixiana
487 2125 594 2198 poetas
616 2136 669 2179 eos
696 2116 867 2194 descripsit,
894 2119 925 2176 at
947 2134 1061 2194 operam
1084 2116 1188 2192 dedit,
1205 2136 1208 2142 ·
1226 2121 1258 2177 ut
1280 2115 1358 2177 nitide

119 2221 309 2303 describeret
353 2220 436 2281 llaec
458 2222 568 2302 quidem
598 2221 647 2282 de*
664 2218 921 2298 Guelplrerbytano
950 2218 999 2281 illo
1023 2220 1191 2280 coniectura
1214 2225 1265 2282 cst
1285 2239 1357 2295 mea,

116 2342 193 2405 ¹quae
215 2343 289 2385 vera
309 2343 377 2385 esse
400 2326 514 2405 nequit,
542 2325 570 2384 si
594 2323 661 2383 illud
685 2340 783 2381 cerum
805 2323 863 2398 slt,
886 2321 961 2403 quod
983 2340 1057 2383 nunc
1080 2324 1210 2384 libertus
1234 2325 1307 2386 libro
1327 2323 1357 2383 de

119 2425 253 2490 Godicib.
277 2426 477 2489 Bibliothecae
499 2425 710 2504 Guclpberbyt.
735 2445 764 2504 p.
794 2430 844 2486 43.
875 2426 976 2503 tradit,
1004 2408 1072 2487 csse
1101 2414 1165 2487 cum
1196 2429 1357 2490 codioenra

120 2529 268 2593 Clemente
289 2531 471 2593 Salernitana
498 2529 616 2591 saeculo
638 2528 707 2590 XV.
731 2529 823 2589 rnedlo
846 2530 994 2608 scriptum.
1039 2532 1099 2592 Sed
1127 2550 1261 2608 graecos
1283 2534 1357 2593 etiam

116 2636 236 2696 ‚codices
259 2633 394 2706 adstare,
418 2654 458 2695 ex
481 2634 568 2695 editis
592 2632 803 2711 exemplaribus
825 2633 968 2711 scriptos,
992 2635 1045 2695 nisi
1069 2636 1121 2695 lam
1136 2637 1357 2696 animadversam

120 2727 259 2799 essetab
284 2737 368 2815 aliis,
392 2742 497 2817 spoulc
515 2737 685 2815 crederem:
710 2738 747 2797 cl‘.
773 2736 921 2800 Wetcter.
943 2738 978 2797 ad
1002 2739 1168 2816 Theognid.
1190 2739 1312 2817 Prolcg.
1332 2758 1357 2817 p.

121 2865 218 2903 cxxv.
273 2841 350 2902 ldenn
374 2861 423 2903 ccr
447 2845 542 2920 putem
565 2843 593 2902 in
618 2840 743 2917 Virgilio
771 2841 931 2917 accidisse,
962 2847 992 2904 et
1009 2843 1055 2903 ‘dc
1083 2844 1187 2925 quibus
1217 2845 1357 2905 codicibus

120 2952 240 3025 putem,
270 2944 359 3005 semel
381 2943 555 3005 dicamlroc
582 2943 656 3005 loco.
715 2944 763 3005 Ac
785 2945 874 3022 primo
898 2965 978 3007 unum
1000 2966 1132 3024 nragnmn
1156 2951 1290 3030 omnique
1310 2948 1356 3006 do-

121 3049 263 3109 bitatione
285 3051 425 3108 executum
449 3047 641 3108 documentum
666 3048 760 3108 codex
782 3049 959 3110 Basilcensis
982 3056 1038 3111 est.
1092 3051 1139 3112 De
1162 3049 1354 3116 Vossianoll.

121 3159 152 3214 ct
175 3150 400 3212 Vratislaviensi
416 3147 476 3228 ll.,
499 3151 527 3211 lu
550 3151 654 3232 quibus
678 3170 732 3213 non
755 3157 822 3212 scrut
845 3157 899 3213 mm
923 3159 1019 3227 certa,
1040 3174 1123 3234 quam
1147 3156 1176 3215 in
1190 3155 1353 3228 Basilccnsi,

122 3256 246 3332 indicia,
271 3257 310 3316 ita
331 3263 525 3332 argumentor.
571 3255 652 3318 luter
674 3255 791 3316 codices
814 3275 895 3317 mauu
917 3259 1043 3336 scriptos
1059 3257 1262 3334 Virgilianos,
1284 3264 1353 3341 quot·

122 3369 191 3443 quot
214 3359 262 3421 vel
285 3377 359 3419 nunc
388 3364 524 3435 exstant,
555 3357 603 3420 vel
633 3357 749 3439 quorum
779 3359 814 3420 ad
847 3379 900 3420 nos
929 3363 1063 3439 pervenit
1096 3363 1221 3438 notitia,
1253 3362 1352 3437 nullus,

123 3465 359 3547 quantum-scio,
382 3463 516 3543 antiquus
539 3464 674 3524 incantus
697 3468 763 3536 cst,
787 3465 833 3543 qci
849 3463 1057 3542 Opusculorum
1080 3466 1292 3548 carminumque
1311 3467 1351 3526 mi·

125 3587 222 3630 norum
245 3568 442 3629 collectionem
471 3571 525 3628 taor
552 3565 665 3646 plenam
693 3552 818 3639 babeat,
847 3567 939 3648 qualis
969 3572 1015 3628 est
1037 3571 1063 3628 in
1087 3569 1217 3631 editione
1240 3572 1350 3634 Romana

123 3672 270 3743 secundat
297 3671 401 3731 nedum
424 3670 471 3751 qui
495 3667 595 3746 talem,
623 3669 716 3751 qualis
738 3671 766 3730 in
786 3669 912 3731 Venetis
934 3671 1031 3732 Rubei
1054 3676 1084 3731 et
1105 3669 1235 3732 lensoni.
1261 3672 1349 3734 ¹nnti-
1396 3648 1398 3657 ¹

123 3792 207 3855 quum
229 3771 276 3833 bic
298 3773 363 3835 dico
386 3791 464 3846 eum,
495 3791 576 3853 quem
598 3777 665 3833 ante
687 3775 831 3834 inventam
853 3778 941 3834 artem
964 3772 1208 3852 typographicam
1232 3778 1349 3855 scriptun

123 3894 193 3937 esse
216 3878 338 3936 constet.
382 3875 485 3938 Nullus
509 3878 555 3957 qui
578 3881 692 3955 praetor
715 3875 1050 3958 reliquacomploctatcr
1072 3878 1156 3938 etiam
1176 3876 1276 3958 Giriu,
1290 3880 1349 3940 Aet-

123 3999 203 4056 nam,
227 3978 387 4042 catalecta.
431 3982 464 4042 lc
488 3981 642 4043 Romanam
653 3980 693 4041 ll.
716 3983 807 4059 ipsam
831 3999 887 4040 nou
910 3998 949 4040 ex
972 3998 1027 4041 cuo
1050 3981 1172 4061 quodam
1196 3983 1295 4043 codice
1309 3982 1350 4040 ista

124 4083 299 4144 conflrrxisse
321 4086 432 4160 omnia,
457 4084 509 4144 scd
533 4104 572 4145 ex
594 4086 682 4145 variis
706 4083 871 4150 codicibus,
894 4089 1037 4160 congesta
1060 4103 1128 4144 csse
1150 4091 1280 4148 constat.
1306 4085 1349 4146 tte

123 4188 243 4267 demque
266 4187 349 4247 modo
372 4188 531 4263 editiones,
559 4207 631 4269 quae
654 4192 781 4265 auctam,
812 4193 879 4266 post
898 4188 1056 4249 itomanam
1080 4189 1255 4266 secundam,
1279 4186 1350 4250 colle·

124 4292 245 4351 ctionem
269 4291 436 4365 continent,
469 4289 541 4350 baud
573 4292 657 4361 dubie
681 4310 735 4351 non
759 4311 797 4352 ex
820 4312 875 4352 uno
899 4291 1014 4364 codice,
1044 4293 1090 4372 qui
1124 4291 1175 4352 illa
1198 4289 1351 4354 continuerit

124 4394 236 4470 omnia,
260 4395 312 4455 sed
336 4413 376 4455 ex
397 4395 486 4455 variis
510 4395 674 4472 codicibus,
693 4414 813 4476 -qucruur
837 4415 909 4456 unus
928 4395 1017 4469 baec,
1035 4395 1108 4455 alius
1127 4394 1351 4465 aliacoutiocrct,

124 4503 236 4560 accam
258 4496 376 4571 babent.
429 4500 529 4581 ltaque
550 4502 599 4582 qui
628 4501 721 4564 codex
750 4505 782 4573 ct
808 4499 1006 4562 collectionem
1036 4503 1189 4561 morcinum
1219 4503 1268 4578 ei,
1296 4516 1352 4580 quac
