2948 4986
374 169 417 232 ΙΝ
438 165 607 236 vitenti
629 167 810 235 CATONIS
831 169 970 266 nitens
1241 177 1292 247 65
1339 201 1340 204 ’

44 348 118 409 Nem
141 365 183 408 ex
205 345 357 408 veteribus
379 345 552 407 editionibus
576 351 697 423 iterum,
721 351 752 407 et
771 350 892 429 potius,
916 347 1078 428 inquorum
1096 362 1215 408 vacuum
1236 365 1292 408 ve-

46 455 149 513 nerant
164 453 301 527 neteris,
318 454 347 512 et
360 453 451 512 toties
457 494 468 525 ,
492 451 679 528 reposuimus.
703 450 804 511 iterum
821 449 958 511 alumnam
974 469 1053 512 suam
1070 450 1172 510 silvam
1190 455 1290 520 vocat,

46 555 141 636 quod,
174 558 206 616 ut
226 553 383 614 verisimile
406 555 470 631 est,
497 533 596 615 iterum
624 557 689 614 sata
717 554 755 613 sit
778 553 814 613 ab
842 551 908 629 illu,
938 555 969 613 ct
996 553 1134 614 instituta.
1179 551 1239 614 Sed
1263 551 1291 612 ld

47 659 174 736 trustra,
197 662 229 719 et
250 656 452 739 nequicquam,
475 657 582 739 inquit,
606 675 667 718 cunr
690 674 725 717 ee
747 657 845 736 potius
866 656 973 717 devota
993 657 1101 716 nostris
1118 654 1225 716 ittettts
1242 673 1292 715 nr-

48 761 115 823 deat
137 763 266 840 oportet.
306 761 374 836 ligo
398 777 453 820 non
476 760 593 836 dubito,
616 761 682 841 quin
706 761 823 839 propius
846 778 863 819 a
886 759 1010 819 veritate
1034 759 1111 819 absit
1130 756 1202 819 haec
1221 742 1300 819 eon-⁴

50 866 159 926 iectura
182 867 297 949 nostra.
343 867 531 927 8311161111.
575 863 641 924 Non
663 861 763 942 procul
786 880 803 921 a
825 880 896 922 vero
923 862 1023 924 abicit.
1068 861 1128 923 Sed
1151 861 1214 922 dum
1237 879 1292 923 non

49 969 121 1028 satis
144 967 279 1028 librorum
303 976 370 1030 unte
388 966 488 1029 oculos
505 966 607 1035 habet,
631 968 741 1045 respuit
757 965 802 1040 id,
821 965 895 1047 quod
914 967 1047 1044 probum,
1069 984 1104 1027 ec
1119 966 1195 1027 bone
1213 983 1292 1027 com-

52 1071 205 1150 probatum.
230 1072 416 1149 auctoritate,
446 1074 576 1146 veteris,
607 1067 754 1149 locunuque
784 1087 820 1130 ea
841 1073 923 1149 parte
952 1070 1090 1147 tentavit,
1121 1087 1176 1151 que
1204 1085 1293 1130 sanus

52 1182 104 1236 est.
152 1173 200 1234 Ac
221 1175 312 1254 primo
334 1174 522 1235 certissimum
546 1177 593 1234 est
615 1173 693 1254 ipsc
715 1173 821 1234 eudes.
856 1172 935 1254 lpoa
957 1171 1048 1250 silva,
1072 1190 1145 1254 quoe
1167 1171 1292 1251 opponi·

53 1283 96 1338 tur
115 1277 242 1350 umbris,
265 1275 295 1336 lu.
318 1295 353 1338 ea·
370 1276 529 1339 frondibus.
544 1330 545 1337 ,
563 1274 606 1336 lla
628 1276 655 1336 in
678 1275 864 1354 oppositione
886 1276 960 1357 quod
983 1274 1066 1336 alieni
1084 1276 1217 1337 videatur
1231 1275 1293 1353 ¹oir-

52 1398 163 1441 scurum
186 1398 270 1452 csse,
299 1381 326 1440 iul
350 1381 422 1440 satis
444 1378 571 1440 declarat
592 1377 786 1460 explanatque
810 1386 910 1458 poeta,
938 1398 1020 1460 quum
1042 1378 1136 1455 addit,
1165 1397 1217 1459 per
1238 1397 1293 1457 ep-

54 1485 238 1562 positionetn‚
266 1504 297 1546 o.
321 1484 352 1544 d.
374 1485 401 1564 f.
426 1485 521 1562 liqna.
566 1483 641 1564 Ipse
668 1482 770 1543 Petav.
794 1481 908 1543 Thoen.
937 1481 1017 1544 teto.
1046 1483 1140 1550 Puris.
1162 1482 1216 1544 lll.
1239 1482 1294 1545 lV.

56 1586 143 1663 Angl.
168 1589 198 1649 et
220 1586 289 1648 editi
312 1586 380 1648 inde
402 1585 564 1647 altomonte
578 1585 618 1646 11.
642 1603 702 1646 enm
725 1586 788 1647 cod.
813 1588 881 1648 Bas.
899 1585 981 1648 Vrat.
999 1585 1038 1647 11.
1061 1585 1152 1648 Voss.
1169 1585 1208 1647 11.
1226 1589 1294 1647 ante

56 1689 167 1750 Badium
197 1708 306 1750 omnes.
351 1691 394 1751 At
416 1690 495 1771 Ipsa
525 1690 553 1749 in
576 1689 686 1750 Medic.
719 1689 847 1766 August.
870 1689 987 1751 Monac.
1010 1688 1096 1750 111.
1119 1688 1245 1755 vmttst.
1269 1688 1292 1751 1.

10 1870 13 1875 Ι
59 1795 258 1868 Ascensianis,
280 1791 495 1870 Scaligeranis,
520 1790 598 1856 Pitlr.
622 1797 652 1852 et
673 1793 892 1853 recentioribus.
916 1792 1014 1871 Badil,
1037 1793 1084 1875 qui
1106 1792 1143 1854 de
1161 1794 1293 1855 Battaro

59 1896 201 1972 cogitabat
223 1896 346 1972 ardore,
369 1895 537 1957 observatio
559 1899 621 1956 est:
656 1896 713 1957 alii
740 1907 837 1958 tamen
866 1899 934 1978 ipse
963 1896 1064 1977 lecum
1091 1897 1148 1959 sed
1169 1897 1289 1960 ardoris

59 2019 154 2061 nomen
175 2004 291 2062 rectius
312 2000 502 2080 foemininum
522 2002 646 2080 punitur
667 2003 749 2060 sicut
768 2002 879 2078 price:
902 2003 1015 2080 optima
1036 1999 1212 2079 sylvarum.
1256 2001 1293 2062 lit

63 2103 135 2185 ipsa
158 2119 233 2163 nunc
255 2108 400 2180 eonqoaret
422 2103 449 2162 in
473 2101 606 2181 exemplo
629 2101 709 2181 lips.
732 2101 770 2163 V.
793 2102 817 2162 1.
841 2121 857 2162 a
879 2121 961 2162 manu
983 2101 1030 2164 Gl.
1054 2119 1115 2163 cum
1136 2103 1239 2179 glossa
1261 2115 1294 2165 tu

62 2205 185 2268 luttere.
230 2203 263 2265 ln
287 2205 444 2265 Mutinensi
469 2206 566 2287 ipsae
587 2204 708 2284 editum,
730 2205 805 2287 quod
828 2207 857 2266 ln
878 2210 1146 2285 utramquepartem
1163 2209 1294 2285 accipere

63 2308 128 2370 licet.
174 2307 305 2386 Deinde,
336 2309 411 2393 quod
434 2307 468 2368 ad
498 2306 669 2369 intellectum
698 2306 752 2368 loci
783 2309 964 2388 praecipuum
994 2312 1055 2387 est,
1083 2310 1294 2393 Nepeteqenm

64 2393 224 2490 iungendum
247 2431 315 2471 csse
333 2429 393 2471 cunr
411 2411 666 2490 praecedentibus,
689 2414 805 2490 praeter
820 2411 1001 2488 Scaligerum
1018 2411 1154 2473 viderunt
1172 2413 1293 2488 Badius,

63 2514 207 2577 Glossatnr
219 2512 257 2577 V.
274 2513 298 2575 1.
322 2516 368 2595 qui
391 2520 524 2593 punctum
546 2518 613 2593 post
636 2515 748 2593 cartes,
772 2515 854 2576 colun
871 2521 939 2595 post
953 2516 1165 2600 Nequieqcam
1180 2516 1292 2607 posuit3

64 2617 282 2680 Wernsdoriins.
327 2616 467 2678 Viderunt
489 2617 556 2678 illud
585 2616 669 2678 etiarn
693 2617 865 2694 Putscltics,
896 2622 926 2679 ct
948 2636 1038 2697 nuper
1060 2617 1213 2695 Silligius,
1242 2620 1293 2679 sed
1418 2679 1421 2687 ,

64 2722 107 2780 uim
129 2723 238 2782 seiciunt
260 2718 340 2782 locu:
373 2719 439 2793 iile,
469 2720 531 2779 dum
557 2721 768 2805 Neqcieqcum
789 2721 853 2783 vult
881 2722 953 2782 idem
982 2740 1049 2782 csse
1078 2721 1152 2803 qnod
1177 2742 1294 2807 nequa-

63 2844 158 2907 quom3
182 2823 250 2899 lric,
269 2822 349 2900 dum,
367 2825 521 2886 artificiosa
544 2825 662 2906 quedam
684 2824 895 2904 explicatione,
919 2827 1057 2889 succidet
1078 2825 1196 2887 verbnm
1219 2844 1293 2904 sup-

62 2926 123 3004 pleri
146 2927 181 2988 ad
207 2928 417 3012 Nequiequcnn
440 2927 529 2989 iniret.
575 2926 648 2988 Mihi
670 2928 784 3005 primum
812 2926 894 2989 locrus
922 2933 1000 2990 totus
1021 2930 1114 3009 patuit
1134 2947 1211 2988 more
1233 2928 1294 2989 Lu-

13 3094 16 3099 ,
63 3033 131 3093 cretii
156 3032 333 3106 observato,
363 3030 409 3111 qui
432 3032 476 3090 sic
503 3027 683 3109 saepissime.
702 3013 845 3092 sententia
864 3014 934 3092 'cum
962 3032 1202 3111 praecedentibus
1228 3034 1294 3092 iun-

31 4614 39 4697 l

22 4702 42 4961 l

11 3174 17 3231 ἰ
63 3138 125 3194 otuu
149 3135 362 3219 Nequiequam
390 3135 419 3193 in
442 3135 537 3195 fronte
566 3136 648 3214 ponit
676 3153 780 3195 versus
807 3133 928 3196 heroici.
973 3134 1028 3216 Qui
1051 3154 1111 3196 mos
1128 3153 1194 3196 non
1217 3136 1294 3211 fugit

63 3232 336 3314 LinGronovium,
355 3237 401 3297 nbi
417 3235 541 3296 eumdum
558 3238 641 3297 vocis
658 3237 801 3312 eiusdem,
825 3242 854 3298 et
876 3236 1022 3313 similium,
1036 3239 1176 3319 frustra,
1188 3239 1293 3320 sulco,

65 3359 133 3402 usum
162 3342 189 3402 in
212 3340 297 3401 Livio
324 3339 446 3420 aliisque
468 3343 621 3418 monstrat,
651 3339 686 3400 ad
709 3339 774 3400 Liv.
797 3339 890 3400 xtll.
914 3364 999 3400 nxrv.
1042 3341 1190 3403 Annotevi
1212 3341 1294 3401 locos

65 3440 180 3519 Lucretii
202 3446 228 3505 si
252 3428 445 3517 concinnes,
467 3441 571 3503 multos
594 3448 701 3503 tamen:
724 3441 763 3503 ll.
793 3445 884 3504 1111.
910 3443 962 3505 lV.
987 3448 1059 3506 166.
1086 3450 1175 3506 1103.
1200 3447 1293 3505 1126.

67 3544 191 3610 11811.
219 3551 309 3608 1230.
335 3549 428 3607 1210.
454 3552 546 3608 1312.
572 3550 664 3608 1331.
687 3546 735 3608 ed.
761 3547 878 3608 Walrei.
909 3547 958 3608 Ad
977 3548 1101 3609 Lucretii
1118 3548 1206 3625 igitur
1224 3565 1294 3610 nor-

69 3666 126 3711 tiam
148 3651 240 3712 verns
261 3650 381 3713 distinxi
404 3650 542 3714 Catonis:
634 3692 637 3697 «

228 3756 307 3838 Ipso
329 3755 445 3831 caelen,
468 3759 581 3817 veterio
604 3754 716 3815 domini
735 3754 846 3835 felicio
868 3754 974 3836 liqna,

229 3858 459 3942 Neqnicqucm.
799 3928 801 3937 Ι

76 3952 224 4023 lentim
254 3979 299 4022 me
320 3960 432 4022 donnino
460 3958 571 4035 telleia,
602 3960 653 4020 sed
683 3960 868 4040 nequicquam
891 3959 999 4032 ieiicin,
1029 3960 1094 4042 quia
1121 3960 1187 4021 olim
1216 3962 1297 4021 incre

77 4058 168 4141 inlinis,
190 4081 265 4125 nunc
287 4080 341 4125 uon
365 4066 443 4125 sunt.
488 4061 588 4124 Simile
609 4079 649 4123 ex
670 4065 753 4141 parte
775 4062 841 4122 iilud
855 4062 989 4137 ,tinniit
1011 4063 1037 4124 1.
1061 4087 1088 4141 1,
1112 4070 1162 4142 19.

235 4165 296 4230 Vcs
320 4187 439 4251 quoque
456 4167 562 4247 felicis
586 4168 751 4251 quondam,
775 4186 853 4228 nune
872 4172 1021 4250 pauperie
1045 4171 1115 4249 apri
1170 4220 1173 4223 .

316 4271 484 4333 Custodes.

82 4360 161 4446 lingis
184 4371 275 4434 simile
296 4372 486 4450 virgilianum
508 4371 571 4433 liei.
593 4370 618 4434 1.
644 4374 694 4434 tt.
1043 4443 1047 4458 Ι

231 4477 280 4541 Ite
300 4497 383 4540 meae
403 4477 483 4558 fetis
505 4477 654 4562 quondam
672 4496 787 4561 pecus,
810 4480 853 4543 ite
874 4476 1030 4562 capellae.

121 4590 230 4646 Valerius
245 4595 318 4648 estu.
1068 4587 1093 4653 5
