2948 4986
466 173 672 242 nncnnsro
694 173 920 240 nunonem.
1130 274 1137 281 ·
1241 176 1318 251 aua

60 351 233 430 Pomponio.
279 350 453 434 Quamquam
474 348 531 412 bac
552 350 581 411 iu
612 367 645 413 re
672 368 767 430 acqua
794 346 955 430 Pomponio
978 347 1080 426 culpae
1101 349 1188 429 atquc
1210 348 1319 409 erroris

60 474 133 535 pars
157 460 203 537 est
226 473 288 516 cum
313 455 457 515 Donritio:
483 472 537 514 nco
561 450 687 523 debebat
710 455 782 514 enim
805 471 897 534 neque
919 451 1045 514 Aetnam
1059 451 1202 513 Domitius
1219 470 1318 533 *neque

60 559 241 637 Pomponius
263 557 386 634 elegiam
410 556 485 617 illam
508 557 637 618 tribuere
661 556 800 634 Virgilio.
918 616 921 624 ,

130 660 176 722 De
211 660 421 721 commentariis
451 659 588 732 Domitii,
626 660 653 720 si
682 658 737 719 bos
764 657 914 739 appellare
943 659 1161 735 commentarios
1189 658 1317 734 debeas,

60 783 145 846 quarn
169 771 272 826 tenues
295 764 374 840 sint,
399 763 502 824 deinde
526 763 621 824 videri
644 764 829 841 imperfectos
852 780 943 839 csse,
967 767 997 822 ct
1019 779 1089 822 csse
1112 765 1320 841 postmortem

61 868 181 928 Domitii
205 869 318 944 editus,
343 867 447 928 dictum
470 885 487 926 a
509 884 554 926 me
578 870 625 927 est
646 864 854 944 Disputationc
884 863 933 924 illa
965 880 1037 942 pag.
1065 867 1114 924 12.
1137 882 1201 944 seq.
1246 863 1319 924 Item

61 971 99 1031 dc
123 971 240 1030 uririirca
263 969 465 1046 similitudine,
489 987 563 1049 quae
586 976 633 1029 est
656 971 728 1029 inter
740 968 896 1029 Domitium
910 972 940 1028 et
955 967 1319 1046 interpretationemPcm-

60 1074 166 1153 ponii:
189 1091 271 1154 quam
295 1072 503 1138 similitudinem
529 1074 568 1134 ita
592 1090 660 1132 csse
683 1070 882 1151 explicandam
906 1073 1025 1146 statuo,
1049 1072 1079 1131 ut
1101 1069 1245 1131 Domitius
1268 1088 1320 1130 na-

46 1185 129 1239 .otus
151 1178 191 1239 sit
212 1177 319 1237 dictata
341 1176 493 1253 Pomponii
517 1179 547 1237 et
570 1174 638 1234 inde
660 1172 746 1235 multa
769 1174 797 1234 in
820 1190 890 1234 suus
913 1171 1028 1234 chartas
1051 1173 1241 1234 derivaveril.
1282 1171 1321 1236 Ul

62 1299 147 1341 unum
171 1297 383 1340 commemorem
413 1275 592 1355 excerptum,
626 1276 803 1355 Pomponius
826 1275 861 1337 ad
886 1272 996 1354 Gupam
1019 1275 1177 1338 docuerat:
1212 1276 1320 1357 Copae

19 1428 25 1435 .
61 1382 266 1465 appellabant
299 1381 440 1442 mulieres
463 1398 579 1460 cupos.
609 1389 640 1440 et
672 1377 846 1441 Mecoeaus
877 1397 1000 1441 sernum
1032 1377 1166 1443 babebat
1193 1379 1320 1461 Copam.

61 1485 96 1547 ld
121 1505 204 1567 quum
227 1484 353 1562 legisset
378 1482 424 1543 vel
454 1474 587 1544 audisset
612 1481 775 1558 Domitius,
809 1501 847 1542 cx
870 1500 959 1542 serva
982 1479 1167 1543 Maecenatis
1188 1482 1321 1543 libertam

61 1591 157 1667 fecil3
180 1589 217 1649 de
239 1606 293 1648 suo
316 1587 426 1649 addidit
448 1586 581 1647 somonam
604 1584 736 1664 opusculi
767 1603 853 1662 csse,
888 1588 919 1648 ut
946 1586 1084 1648 torretur
1113 1587 1322 1649 Mecoeaotem

62 1700 94 1757 et
118 1695 222 1754 socios
246 1693 290 1752 ud
312 1690 510 1772 voluptutem.
535 1692 565 1750 ut
588 1686 724 1770 reliquam
748 1687 812 1749 eius
831 1688 1219 1769 cruditiuncmpracteream.
1254 1688 1321 1749 Ad-

63 1796 128 1856 dam
151 1795 207 1855 duo
230 1793 331 1870 locos,
356 1792 460 1873 quibus
484 1791 628 1852 Donritius
652 1792 854 1870 perstringere
877 1790 1064 1870 Pomponium
1087 1791 1214 1852 uidetur.
1259 1791 1322 1852 Ec-

62 1917 125 1959 rum
148 1915 222 1957 unus
245 1901 292 1959 est
320 1897 348 1956 in
378 1895 458 1956 Diris
481 1915 512 1955 v.
538 1898 589 1955 40.
622 1893 671 1954 ubi
700 1893 877 1972 Pomponius
907 1911 964 1955 uon
993 1893 1067 1967 orale
1094 1895 1156 1955 sic:
1191 1896 1324 1957 Aetdere

62 2017 203 2082 cyaneo:
228 2001 353 2080 Cycnus
380 1998 464 2058 color
486 1998 644 2059 coelestis.
691 1995 734 2058 At
750 1995 915 2083 Domitius:
939 2016 1072 2077 cyaneo:
1096 2017 1156 2059 aaa
1178 2018 1199 2060 u
1221 1999 1324 2060 colore

63 2103 214 2176 caelesti,
239 2104 322 2164 sicut
345 2101 469 2184 puidam
491 2103 685 2180 interpretati
707 2108 796 2171 suat,
821 2099 919 2160 dicit:
944 2099 1003 2161 sed
1025 2119 1046 2159 a
1061 2099 1200 2181 Cpuaeis
1220 2103 1322 2183 petria

64 2210 97 2268 ia
126 2208 250 2286 repioae
278 2203 374 2266 Ponti
399 2205 578 2287 frequenter
621 2222 657 2264 se
685 2200 873 2264 moventibus
903 2203 1066 2282 epithetum
1094 2204 1235 2264 traducit
1265 2206 1322 2266 etc.

64 2309 114 2371 Ad
140 2309 221 2371 Cirin
255 2328 286 2367 v.
312 2313 385 2369 204.
408 2306 606 2385 Pomponius:
632 2304 780 2367 Calceius
803 2305 916 2367 beroe:
938 2306 1124 2387 Appositum
1144 2309 1235 2368 nimis
1258 2304 1324 2369 ulle

62 2418 241 2494 repetitum,
266 2431 286 2472 a
310 2410 442 2472 Calcide
465 2409 630 2471 Locrorum
652 2406 726 2470 urbe
736 2450 748 2484 ,
772 2427 812 2470 ee
835 2428 897 2491 pua
917 2409 1053 2489 profecti
1074 2407 1209 2490 Peluspi
1230 2408 1322 2474 luali-

63 2525 210 2579 tuueruat
234 2520 265 2576 ia
286 2515 396 2575 Attiou
430 2532 495 2574 cum
522 2512 661 2574 Ionibus.
692 2512 751 2572 olii
774 2512 880 2572 dieunt
901 2510 1058 2592 Lelepas,
1089 2515 1142 2596 pui
1164 2520 1236 2574 suat
1258 2511 1323 2574 Iao·
1349 2568 1353 2580 ,

63 2611 202 2681 creares.
248 2616 291 2677 Et
315 2617 419 2678 Nisus
440 2616 504 2695 suit
526 2616 611 2696 silius
632 2615 808 2678 Pandionis
831 2621 915 2696 repis
942 2621 1077 2679 Atticae.
1114 2615 1196 2700 Quid
1220 2617 1323 2677 Douri-

63 2714 148 2783 tius‘i
182 2720 393 2782 caeteteros:
425 2719 553 2780 Chalcis
578 2717 722 2800 oppidum
743 2728 793 2780 eut
815 2718 984 2781 Locrorum
1006 2727 1036 2781 et
1057 2721 1089 2779 in
1111 2719 1242 2782 Euboea
1263 2728 1323 2785 est.

64 2824 125 2887 scd
147 2843 205 2883 aua
226 2833 391 2906 propterea
415 2822 519 2883 Nisus
537 2822 768 2900 Mepareasium
790 2842 846 2884 rear
869 2822 1035 2884 Glaleeius
1058 2811 1230 2884 nominatus
1253 2833 1322 2885 ost:

64 2927 125 2989 sed
143 2930 249 3007 potius
274 2926 313 2986 ul
336 2944 431 2986 aureo
455 2926 593 3006 eupillo:
616 2944 686 2985 nam
707 2923 832 2997 χαλκος
855 2944 910 2986 aes
934 2932 964 2987 et
984 2925 1137 2987 metallum
1154 2926 1323 3006 sipnifieut.

64 3029 252 3108 Pomponium
275 3029 387 3105 itidem,
419 3029 474 3088 uisi
505 3026 608 3105 tabor,
642 3028 763 3105 respicit
791 3027 936 3090 Domitius
964 3028 1000 3088 ad
1031 3024 1092 3090 Gir.
1121 3021 1190 3089 rur.
1215 3027 1324 3096 ubido

62 3131 231 3209 Tirynthe:
258 3131 380 3217 puidam
404 3131 548 3193 dixerunt
570 3131 632 3191 coli
655 3130 765 3192 ibidem
789 3132 977 3213 Cupidinem·
1034 3130 1137 3193 Tradit
1166 3130 1238 3206 boo,
1269 3148 1323 3192 nc·

64 3233 129 3295 scio
153 3233 245 3309 unde,
266 3234 453 3312 Pomponius.
499 3230 624 3294 Codices
639 3233 783 3294 Domitius
806 3233 900 3294 nullos
914 3232 1056 3294 adtribuit.
1101 3234 1149 3295 Ad
1169 3234 1232 3294 Dir.
1253 3238 1323 3311 151.

65 3335 149 3412 (48.)
175 3336 266 3397 verba
282 3335 400 3397 Domitii
425 3334 495 3395 baec
516 3338 634 3395 exstant
652 3355 660 3395 ι
683 3337 803 3398 Similis
825 3336 972 3398 conditio.
996 3355 1065 3396 nura
1088 3355 1181 3397 aureo
1197 3337 1323 3399 saeculo

63 3439 215 3519 npmpduc
237 3448 364 3500 secutae
386 3438 532 3499 errabunt
559 3456 619 3517 per
640 3437 744 3498 silaus
768 3443 794 3498 di
817 3439 897 3498 locu.
950 3437 1028 3497 Hinc
1051 3436 1209 3498 Potscbiue
1233 3457 1323 3516 nuper

63 3541 209 3601 diversam
232 3559 250 3600 a
273 3539 396 3616 vulgata
419 3558 525 3600 versus
553 3542 621 3599 lli.
644 3536 726 3616 (44.)
751 3541 920 3619 scripturam
944 3541 1004 3599 erui
1028 3557 1136 3616 posse,
1160 3559 1234 3620 quae
1256 3542 1322 3602 iue-

63 3645 102 3705 rit
126 3645 153 3703 iu
176 3643 251 3704 libro
274 3643 410 3718 Domitii,
441 3643 587 3702 coniecit:
623 3641 668 3702 Et
693 3662 784 3726 ¹quem
812 3641 939 3722 uyrnpba
961 3643 1046 3704 deum
1069 3644 1098 3702 in
1127 3641 1213 3704 silvis
1234 3646 1323 3725 sarua

63 3752 167 3807 secuta
188 3756 247 3808 est.
301 3745 477 3809 Coniectura
506 3763 604 3823 parum
633 3744 801 3822 probabili:
832 3746 954 3805 maxime
987 3746 1013 3805 si
1043 3750 1164 3824 reputes
1188 3751 1323 3827 corrupta

64 3850 139 3913 baud
164 3850 251 3911 dubie
281 3867 349 3909 esse
381 3848 471 3908 verba
500 3847 633 3923 Douritii,
674 3855 704 3908 ut
726 3852 794 3910 sunl
816 3866 905 3927 supra
927 3866 945 3907 a
967 3867 1011 3908 mc
1034 3850 1171 3927 apposita
1195 3870 1234 3911 ex
1256 3849 1322 3912 No-

63 3952 257 4030 rimbergeusi
284 3954 374 4013 1492.
420 3948 452 4010 ln
477 3949 671 4012 Asceusiaais
702 3951 750 4013 illa
780 3955 824 4014 sic
854 3957 996 4030 concepta
1026 3951 1223 4015 exhibentur:
1253 3974 1323 4016 aare

63 4077 96 4118 u.
121 4039 322 4138 siaymplroe
351 4073 475 4115 securae
505 4055 653 4117 errabunt
673 4075 731 4136 per
753 4058 864 4139 splene
888 4063 918 4117 et
941 4055 963 4115 l.
994 4056 1068 4136 quud
1099 4057 1185 4117 nrulto
1215 4057 1321 4136 aptius.

63 4157 266 4222 Coniecturam
290 4159 407 4219 Domitii
428 4159 456 4217 in
482 4158 560 4218 Diris
585 4177 665 4219 uuam
690 4163 796 4220 tautum
820 4158 975 4235 recordor,
997 4171 1111 4242 pastos
1137 4180 1164 4219 v.
1191 4163 1241 4218 52.
1287 4157 1321 4220 Sl

63 4265 158 4325 taruco
179 4261 237 4323 boc
258 4264 324 4342 ipse
349 4262 475 4323 coniecit
505 4262 671 4338 Domitius,
703 4279 798 4342 noque
821 4263 935 4340 accepit
957 4261 994 4323 ab
1016 4262 1083 4322 alic.

129 4467 186 4530 laur
221 4467 289 4529 mibi
319 4469 462 4531 editiones
492 4467 632 4546 Virgilii,
676 4470 744 4528 autc
778 4466 974 4547 decennnium,
1002 4470 1119 4548 praeter
1151 4465 1217 4527 illas
1245 4467 1322 4529 auti-

1038 4572 1112 4643 26*
