2948 4986
448 180 503 244 llll
524 177 642 243 POESl
664 177 920 257 canoniani.
1227 187 1309 259 285·

62 371 99 417 ae
120 357 191 418 sunt
209 353 289 418 nrnlti
311 353 384 432 Ιοοῖ,
407 354 512 435 quihus
532 332 635 417 nullutn
657 354 750 417 luisse
771 355 870 437 poetis
892 372 1023 419 mussans
1044 354 1173 436 dixeris,
1195 357 1251 418 nisi
1273 358 1306 419 ut

61 458 341 540 varinetnratque
365 458 547 521 artificioslor
575 458 657 521 lieret
683 461 787 523 orado.
844 458 990 537 Virgilius
1023 459 1173 524 Aeneidos
1203 461 1304 537 initio,

62 581 183 627 auseae
203 580 354 630 memorem
376 561 510 625 lurore
531 561 569 625 ob
591 567 688 626 irum:
712 581 763 626 cnr
784 561 932 643 epitheton
954 565 1087 643 posuerit
1106 565 1196 645 prinuo
1218 563 1305 641 luco,

61 669 208 745 apparete
237 664 331 728 voluit
353 666 411 726 vlm
433 666 577 747 quomdam
599 684 729 744 magnum
750 667 849 729 inesse
870 666 900 727 ln
923 667 1068 747 epithetoq
1091 685 1143 729 cur
1164 686 1224 730 enm
1246 669 1305 730 vinu

62 769 90 831 in
113 768 172 832 bon
194 788 263 833 esse
285 768 414 850 epitlretu
438 769 579 839 voluerit,
603 787 655 832 cur
676 789 732 833 nou
754 772 783 832 in
805 770 916 849 altero3
937 789 988 832 cur
1002 789 1058 832 non
1077 772 1116 834 lta
1136 772 1305 851 scripserit,
1330 776 1333 779 ’

61 893 214 937 murem
236 893 353 937 caecae
374 873 503 937 lunonis
525 872 560 936 ub
590 875 686 950 irum,
719 892 800 935 neruo
823 892 954 936 wusuanr
977 875 1051 937 satis
1071 893 1192 952 gravent
1213 893 1306 937 exco-

61 979 162 1054 gitete
185 977 293 1056 placuit
314 979 355 1040 lta
377 975 523 1055 Virgilio,
550 980 582 1039 ut
612 980 740 1039 neutrum
771 996 832 1041 cunr
863 997 915 1040 suo
938 977 1068 1058 epitlretn
1091 997 1190 1041 nomen
1213 982 1306 1043 esset.

61 1080 127 1144 Nisi
151 1081 263 1143 dixeris
284 1087 439 1160 propterea
460 1101 579 1143 suevae
599 1068 807 1161 praeposuisse
829 1086 960 1163 poetam,
984 1086 1015 1144 ut
1036 1083 1217 1169 signiticaret
1233 1082 1307 1145 deae

61 1202 181 1258 nornen,
204 1202 262 1246 nun
284 1185 347 1261 dei,
370 1185 594 1265 exspeoturdun
617 1202 695 1247 esse.
740 1185 835 1263 ltlllri,
856 1187 882 1247 si
906 1183 998 1247 libere
1019 1184 1088 1247 licct
1102 1184 1215 1266 eloqui,
1238 1185 1306 1266 quid

61 1286 118 1350 lunc
139 1290 180 1351 sit
201 1287 385 1367 elegantiae,
415 1287 563 1351 cumulatis
593 1290 728 1351 lectorem
759 1287 868 1351 lactare
897 1287 1054 1369 epithetis,
1085 1292 1236 1369 autequarn
1257 1307 1307 1350 res

60 1392 212 1471 didicerit,
243 1391 278 1453 ad
309 1410 380 1473 quas
410 1392 469 1453 illa.
485 1394 650 1473 pertinent,
679 1410 735 1454 non
757 1394 832 1454 satis
852 1391 952 1474 liquet.
996 1391 1099 1474 Neque
1120 1396 1224 1453 norunt
1244 1410 1307 1453 earn

61 1495 236 1573 elegantium
257 1495 373 1559 Graeci.
417 1495 484 1558 lluc
511 1496 638 1575 pertinet
667 1495 840 1559 Broulrlrusli
862 1496 897 1557 ad
931 1495 1039 1559 'libuli
1063 1494 1102 1557 il.
1137 1518 1176 1572 11,
1201 1492 1307 1561 'rect

60 1623 111 1676 vu,
138 1605 190 1662 22.
212 1600 382 1663 observatio.
411 1600 447 1661 de
468 1601 587 1662 artifinio
619 1601 790 1689 pentametpl
819 1599 987 1663 Tibulliani.
1032 1599 1206 1661 Broulrlrusii
1227 1600 1306 1661 iudi-

60 1705 137 1766 clnnr
158 1703 273 1765 rulratur
300 1703 476 1782 lessluglus
506 1707 605 1766 noster
632 1705 660 1765 in
692 1702 898 1768 collectaneis.
942 1704 1009 1767 Non
1032 1705 1141 1784 inepte.
1186 1703 1307 1767 Scilicet

59 1806 212 1885 singulare
234 1806 304 1869 lllud
326 1808 474 1870 artificium
504 1809 597 1869 visunt
627 1827 697 1871 esso
723 1798 840 1893 Tibullo
874 1810 981 1870 certunr
1009 1812 1073 1888 cstr
1102 1824 1159 1890 quo
1181 1809 1243 1869 lure
1265 1807 1308 1869 lta

61 1911 159 1973 visun
178 1912 225 1973 ¹sit
257 1909 394 1987 Tibullo,
423 1913 579 1994 quaeritur.
635 1910 746 1978 lllultus
775 1913 860 1973 etiam
888 1913 916 1973 lu
942 1909 999 1973 linc
1027 1917 1137 1992 g‘enere
1165 1910 1307 1974 Ouidius:

59 2013 161 2095 1920:
182 2020 311 2077 eorunm·
354 2015 471 2078 Mollia
500 2035 631 2078 securae
674 2013 796 2077 [auriota
816 2013 970 2077 terribiles
1017 2014 1196 2078 Terribilem
1214 2016 1308 2097 picea

58 2118 270 2202 Aethereoque
296 2137 402 2181 recens
464 2118 603 2183 Putcbra
624 2117 794 2181 verecundo
860 2115 1022 2202 Obviaque
1044 2119 1201 2182 adversas
1263 2119 1308 2180 Et

60 2223 145 2287 levis
165 2224 301 2304 impende
368 2221 429 2311 (lui
448 2224 522 2303 feru
542 2222 673 2286 terribili
735 2241 807 2285 eece
828 2221 907 2302 cipit
929 2221 1021 2284 rutile
1039 2240 1113 2303 quae
1130 2223 1223 2284 ornnia
1240 2224 1308 2285 suut

62 2344 103 2389 ex
126 2325 202 2387 libro
219 2325 245 2387 l.
268 2329 298 2389 et
320 2323 386 2388 llbrl
403 2325 441 2389 ΙΙ.
463 2327 563 2404 initio,
585 2330 616 2389 et
634 2325 691 2390 lroc
715 2343 858 2389 conrnune
880 2324 987 2389 hubent
1008 2327 1116 2399 omnia,
1139 2326 1213 2407 quod
1237 2325 1308 2388 mira

61 2428 202 2512 quaedam
223 2429 253 2491 ln
274 2428 400 2508 singulis
424 2430 558 2492 versibus
586 2428 792 2511 inaequalitas,
821 2429 884 2491 dum
915 2430 943 2492 ln
971 2431 1069 2510 priore
1091 2448 1196 2493 uersus
1223 2433 1308 2511 purte

61 2533 160 2595 onnia
176 2531 269 2612 leuia,
288 2537 319 2596 et
336 2551 410 2617 quae
425 2534 532 2596 variari
547 2533 677 2614 possint,
690 2539 721 2597 et
735 2532 837 2597 nullum
853 2553 906 2614 per
921 2553 956 2598 se
966 2534 1141 2598 intellectum
1156 2534 1309 2614 iubentia,

63 2637 223 2717 posteriori
245 2638 320 2717 parti
342 2641 549 2715 reservantur,
577 2654 650 2718 quae
672 2656 787 2699 sensuro
809 2640 926 2702 iaciunt.
970 2639 1036 2702 Non
1064 2638 1129 2701 dico
1163 2640 1310 2701 inventum

64 2739 124 2803 lrne
143 2739 183 2803 'nb
205 2739 328 2818 Ouidio,
346 2745 397 2804 aut
410 2740 538 2818 Virgilio
560 2758 640 2803 esse.
684 2739 779 2804 lllulto
802 2746 868 2804 aute
885 2740 1018 2807 Catullus
1034 2760 1070 2805 ea
1092 2760 1198 2804 versus
1219 2744 1311 2805 roro·

66 2865 140 2908 usus
162 2851 209 2908 est
230 2846 258 2907 lu
281 2846 406 2907 earrolne
426 2846 528 2925 opino,
550 2843 645 2907 multis
666 2844 763 2916 locis:
796 2845 871 2908 unde
893 2843 1018 2923 colligas
1041 2863 1212 2926 propensam
1235 2864 1310 2928 quo·

64 2949 132 3012 duur
153 2948 238 3011 ruodo
263 2946 339 3010 hanc
367 2949 397 3010 in
424 2953 534 3028 partem
556 2967 670 3029 semper
697 2951 791 3011 tuisse
823 2949 927 3030 poesin
954 2947 1080 3010 latinam.
1130 2948 1176 3015 llli
1206 2955 1311 3029 postea

65 3056 226 3117 renuunt
247 3052 347 3134 quasi,
375 3056 406 3116 et
435 3060 608 3131 receperunt
634 3054 709 3116 inter
736 3051 919 3130 elegantias,
950 3051 1025 3134 quod
1052 3052 1173 3115 lllreruru
1205 3053 1312 3114 innuet

65 3161 164 3221 enter.
207 3156 299 3219 Nemo
320 3160 414 3219 auteur
435 3155 553 3234 longius
575 3158 721 3237 processit
743 3175 825 3238 qnam
841 3154 973 3219 Catullus
995 3157 1023 3217 in
1039 3154 1200 3218 Galliambo
1213 3177 1244 3217 v.
1257 3161 1311 3219 83.

66 3261 117 3324 ubi
138 3261 196 3324 trin
215 3259 310 3323 habes
332 3261 467 3325 continua
488 3259 633 3340 epitheta,
656 3261 761 3343 quinus
782 3278 836 3322 sua
856 3258 1019 3340 paullatim,
1041 3260 1218 3338 procedente
1239 3278 1310 3321 ver·
1396 3308 1400 3315 ,

66 3386 118 3440 ιι,
140 3366 255 3429 nonrlna
280 3368 474 3428 accrescunt:
508 3363 647 3427 Rutilum
675 3365 767 3444 ferun
792 3372 901 3426 toruae
930 3365 1052 3426 cervice
1081 3373 1174 3446 quate
1200 3361 1311 3424 iubare.

66 3471 127 3535 etsl
147 3471 242 3551 ferna
262 3487 316 3549 pro
344 3466 496 3531 adverbio.
547 3468 642 3546 lloc,
658 3469 791 3549 quantum
819 3468 944 3540 meralnl,
977 3484 1034 3529 non
1062 3469 1235 3545 receperunt
1256 3464 1311 3525 illi.

65 3573 182 3637 Addam
203 3569 338 3651 exenrpla
360 3569 559 3634 collocationis
581 3570 753 3633 artificiosae
783 3588 822 3632 ex
844 3570 997 3632 innumeris
1019 3587 1129 3649 panca,
1151 3568 1310 3646 eiusmodi,

65 3694 143 3760 quae
165 3677 364 3754 coniecturae,
385 3673 438 3737 sed
462 3673 504 3737 illi
526 3677 575 3736 aut
597 3675 797 3753 necessarius,
818 3677 867 3736 nut
889 3677 968 3736 certe
990 3673 1085 3749 felici,
1108 3672 1267 3750 debentur,
1281 3677 1312 3736 et

66 3799 107 3846 ex
129 3798 167 3845 eu
187 3783 291 3860 poeta,
313 3779 343 3841 ln
364 3797 422 3861 qno
443 3776 605 3842 elaboravit
626 3777 674 3839 vlr
695 3795 785 3839 sensu
807 3777 896 3854 louge
916 3777 1091 3839 acutissimo.
1135 3776 1272 3839 Manilius
1284 3775 1310 3839 1.
1334 3776 1335 3780 ’

67 3891 143 3950 ²02·
165 3885 229 3948 Est
250 3886 344 3965 igitur
370 3882 477 3946 Tellus
497 3883 624 3946 mediana
653 3884 766 3944 sortita
799 3898 962 3943 occuram
993 3880 1112 3958 Aeris,
1140 3885 1312 3963 poteratque

66 3989 113 4051 sin
133 3988 207 4050 satis
228 3989 365 4048 remotum
386 3984 424 4049 ab
446 4003 500 4059 suo
522 3986 634 4047 nomine
656 3983 748 4046 vileri
762 3982 921 4064 epltlreton.
966 3982 1159 4064 concinnius,
1181 3982 1224 4047 illl
1245 3985 1312 4067 qul·
1433 4018 1453 4036 s

67 4092 131 4157 deur
151 4091 257 4165 netnb,
279 4088 357 4171 quod
379 4106 396 4150 e
418 4087 521 4151 codice
542 4089 704 4151 recentiore
725 4086 875 4151 Bentleius
897 4086 999 4152 dedit:

413 4193 477 4265 Eut
498 4195 595 4274 igitur
614 4194 742 4257 medium
762 4190 856 4256 tellas
880 4211 908 4255 ι.
931 4211 958 4254 e.

66 4300 145 4364 ldenr
167 4302 256 4380 poeta
276 4296 301 4360 l.
325 4297 400 4361 til.
431 4298 532 4378 Siqua
559 4306 677 4377 terreat,
709 4297 811 4361 mundi
838 4302 932 4359 roso
960 4295 1094 4361 deducta
1118 4315 1175 4379 per
1203 4292 1311 4358 orbern.

65 4404 222 4472 Bentlelus
243 4401 455 4487 probabiliter:

413 4511 507 4571 ιιιιιι
527 4505 631 4571 nundi
655 4505 785 4580 stibnos
803 4524 862 4589 pur
882 4503 990 4571 urbm
