2948 4986
497 184 693 261 oo't’ousi
715 192 972 260 coronetur.
1278 186 1359 272 289

113 369 219 431 undae
251 367 387 448 epithetis
416 361 598 444 niterutro'm,
628 386 722 452 oeque
748 369 906 431 desiderari
931 369 1081 449 epitheton
1110 370 1223 435 ttttor'io
1258 373 1355 434 oredo.
1459 362 1461 371 ’

113 468 146 533 ln
169 471 229 533 ulio
252 476 338 550 poeta
360 474 461 533 iontem
483 472 723 550 emendationem,
741 493 910 550 resonans,
934 471 1096 534 tonderem:
1119 474 1148 534 in
1166 471 1285 536 Catullo
1299 493 1355 538 non

114 575 267 650 desidero,
290 580 320 636 et
341 594 424 656 quum
447 580 610 654 repugnent
634 576 715 655 iibri,
739 576 869 657 repudio.
914 576 952 636 ut
974 577 1048 656 qood
1072 579 1100 637 in
1124 576 1224 640 Colice
1247 594 1277 639 n.
1303 585 1354 640 70.

114 678 219 740 dedito
243 678 391 758 epitheton
414 681 544 755 restitui,
568 698 623 740 oon
647 680 779 756 restitui,
810 679 883 761 quod
914 679 1066 742 coloritus
1099 699 1155 741 oon
1179 699 1267 761 posse
1288 683 1353 743 sine

113 781 244 862 epitheto
266 800 334 844 esse
356 787 500 861 putorem,
523 784 574 844 sed
597 785 671 864 quod
696 784 826 859 vestigio
849 783 932 843 huius
954 782 1162 860 elegantissimi
1184 782 1305 863 epitheti
1323 786 1354 847 io

113 884 200 946 libris
222 887 346 967 repperi.
763 938 772 946 ,.
1102 909 1108 917 ⁴

124 1022 127 1027 ·
178 989 342 1075 Monuinrus
365 988 564 1050 collocationis
585 989 793 1052 ertidoiosioris
815 990 869 1049 iam
886 991 961 1068 opud
979 988 1119 1052 Catullum
1142 991 1274 1071 exempla
1296 1010 1354 1054 ex-

113 1097 193 1154 stare
215 1094 289 1153 sutis
311 1092 406 1153 multo.
451 1091 534 1153 Nono
556 1092 639 1154 looos
665 1092 817 1154 nonnullos
847 1091 965 1159 curros,
983 1094 1162 1172 videbimus,
1192 1113 1249 1176 quo
1271 1095 1353 1157 simui

112 1196 280 1272 ostendum,
308 1214 364 1276 que
395 1196 513 1256 oritioen
536 1197 649 1257 ratione
664 1199 697 1256 -in
720 1194 776 1258 huo
798 1197 914 1258 inventii
937 1199 1021 1277 poesi
1043 1198 1224 1261 inotitondom
1246 1209 1353 1279 putem·

134 1331 138 1341 ·
180 1297 289 1362 Culicis
318 1317 422 1359 versus
455 1303 506 1360 31.
541 1298 651 1377 vulgo,
681 1301 708 1361 id
737 1307 784 1363 est
812 1303 840 1361 in
869 1301 934 1363 cod.
963 1301 1141 1379 aniieensi,
1173 1304 1202 1364 in
1229 1287 1354 1367 Venetis

111 1403 221 1466 Aedui.
244 1408 275 1464 et
296 1402 409 1480 liutei,
439 1403 596 1464 Mutinensi
620 1421 749 1484 quoqne,
780 1409 836 1465 tum
859 1405 886 1463 in
911 1402 1064 1466 Vioentinu
1091 1409 1122 1466 et
1144 1405 1291 1467 Vossiuoo
1313 1406 1355 1468 11.

111 1509 154 1568 ita
176 1525 211 1567 se
232 1505 342 1567 habet:
376 1506 494 1568 Mollia
513 1507 571 1568 sed
591 1510 674 1568 tenni
694 1497 774 1590 pede
794 1527 916 1570 currere
937 1512 1073 1570 carmine
1090 1528 1193 1572 oerum
1238 1508 1367 1573 Veneto

110 1609 226 1672 thut‘
245 1615 351 1671 tontum
374 1609 559 1687 negligenter
580 1611 690 1672 omittit*
705 1630 844 1688 currere,
868 1614 932 1672 sine
954 1610 1204 1695 lnonnueindioio.
1248 1613 1292 1675 At
1313 1612 1353 1676 n-

110 1715 160 1776 ori
179 1714 288 1795 antiqui
312 1713 476 1775 Vossianus
498 1712 536 1774 Ν.
560 1717 611 1775 81.
635 1713 843 1790 Augustanus,
874 1720 903 1776 et
925 1733 996 1796 qnae
1018 1733 1080 1776 noea
1102 1717 1265 1778 oonieotoru
1287 1721 1351 1797 est,

110 1817 293 1881 Petovinnus
316 1821 345 1877 et
366 1814 540 1893 dimensus,
562 1818 619 1878 etsi
642 1816 719 1878 nihil·
733 1837 772 1885 ex
794 1818 840 1880 his
862 1819 1011 1880 annotavit
1032 1817 1178 1900 Vossius,
1201 1820 1258 1881 nisi
1280 1841 1353 1884 ver-

109 1942 179 1985 oum
202 1936 271 1982 esso
293 1920 486 1981 inThuuneo
507 1939 562 2000 pro
582 1941 688 1998 versu,
713 1921 769 1984 noo
790 1923 912 1982 ordine:
943 1919 1062 2011 Mollia
1084 1943 1113 1985 o.
1135 1931 1158 1984 t.
1179 1924 1259 2005 pede
1280 1944 1354 1986 ear-

108 2029 195 2087 urina
215 2044 339 2101 eurrere
359 2042 462 2085 versu
507 2021 589 2106 Quae
610 2023 743 2085 librorum
766 2027 909 2103 scripturo
930 2026 1025 2086 studim
1056 2027 1165 2089 evertit
1192 2045 1248 2088 non
1277 2029 1354 2090 inie-

109 2129 196 2190 lioem
212 2127 318 2208 alioqui
332 2128 520 2188 coniecturam
535 2126 681 2204 Soniigeri
701 2148 880 2212 percurrere
896 2131 1051 2190 carnion·
1086 2128 1167 2190 Nihil
1185 2132 1355 2212 mutandum,

109 2231 197 2294 modo
219 2232 344 2310 rooipiss
368 2250 489 2293 versem
510 2247 528 2291 e
551 2231 616 2291 ood.
639 2227 800 2292 Thooneo:
930 2248 933 2253 ’

287 2332 405 2395 Mollia
428 2333 486 2395 sed
508 2338 597 2420 'tenui
622 2335 702 2414 pede
722 2341 859 2398 earmina
881 2331 1002 2399 currere
1022 2355 1161 2413 veroum,

292 2437 414 2501 Viribus
438 2446 515 2517 epto
538 2443 607 2500 seis
628 2430 752 2502 'Proeto
775 2441 852 2502 duce
873 2441 978 2503 ludere
997 2440 1122 2521 enodet.

110 2543 230 2626 eosdm
250 2543 360 2621 pugion
381 2560 502 2604 veroum
524 2561 648 2604 currere
668 2546 827 2621 eerminu,·
847 2545 963 2624 youdet
980 2543 1095 2606 tudere.
1118 2560 1229 2606 oerour
1251 2545 1354 2606 dieitur

111 2651 252 2711 earmina
274 2666 412 2723 currere,
437 2651 468 2706 ut
490 2649 638 2709 currimus
661 2665 794 2730 aequor,
818 2645 885 2723 vel,
909 2647 986 2728 quod.
1006 2648 1102 2726 aptius
1125 2647 1301 2728 exemplum,
1324 2653 1355 2711 nt

111 2752 140 2812 in
153 2749 268 2826 Eulogo
278 2748 332 2812 IV.
350 2753 402 2809 16.
420 2748 513 2810 Talin
525 2750 684 2811 saeela—
696 2753 817 2812 currite.
843 2750 902 2811 Sed
925 2750 1128 2811 recordandum
1148 2753 1177 2812 in
1201 2756 1288 2830 poete
1300 2769 1354 2812 oon

112 2854 229 2916 versari
251 2852 346 2932 poulio
370 2852 485 2913 duriori.
529 2852 595 2914 Non
618 2853 731 2931 omitum
754 2853 850 2932 piacet
873 2853 960 2915 semei
984 2871 1044 2915 oum
1064 2856 1283 2916 noousntivo‘et
1305 2855 1353 2915 in-

110 2957 240 3030 unitivo,
263 2955 381 3017 alterum
404 2973 465 3016 oum
488 2956 629 3019 infinitivo
644 2957 813 3036 stmpiioiter
835 2961 958 3019 inustum
980 2957 1097 3019 uerbum
1120 2959 1244 3038 enudet-
1288 2959 1352 3020 De-¹

110 3061 180 3121 tude
203 3058 301 3120 durum
323 3063 386 3134 est,
410 3057 446 3119 ud
461 3060 569 3121 'vocem
590 3063 712 3143 paqine
729 3067 882 3123 revertere
898 3063 1069 3136 orationem,
1094 3080 1176 3143 quom
1194 3080 1282 3123 verso
1299 3066 1351 3124 30.

110 3163 168 3226 aiio
190 3178 353 3225 conversos
375 3179 469 3223 sermo
488 3163 584 3224 inerit.
629 3161 719 3246 Quem
740 3162 788 3225 hio
804 3165 1023 3226 Friesenrannos
1044 3170 1074 3226 et
1089 3166 1223 3244 Heynios
1240 3165 1351 3229 Vossi-

110 3286 201 3330 mm
223 3269 440 3338 conmemorant
447 3307 459 3341 ,
489 3265 517 3325 is
544 3264 594 3326 ilie
617 3266 683 3346 ipse
704 3285 722 3328 n
743 3285 787 3329 me
809 3267 940 3331 rundatos
962 3267 1119 3329 Thunneus
1140 3271 1202 3345 est,
1224 3272 1255 3331 ut
1277 3271 1350 3333 infre

109 3371 263 3434 docebitur
282 3370 365 3431 Dies.
390 3369 444 3433 lv.
490 3367 555 3433 cur.
582 3374 652 3431 125.

304 3474 443 3557 Hospita
464 3474 534 3537 dum
555 3477 648 3536 nimia
669 3479 765 3536 tenuit
787 3472 947 3543 dulcedine
970 3485 1090 3556 coptos.

109 3583 208 3642 reete:
234 3596 301 3647 ‚orm
331 3580 374 3640 sio
395 3577 480 3653 iibri,
512 3594 568 3638 nno
590 3579 707 3640 Veneto
727 3576 835 3639 Aoiuut.
858 3577 1008 3665 Hospitio
1039 3578 1106 3638 dum
1131 3581 1228 3640 tenuit
1254 3583 1347 3644 nimie

106 3683 137 3745 d.
160 3700 191 3745 ο.
257 3700 289 3742 v.
317 3685 386 3742 116.
410 3687 439 3743 t.
467 3680 513 3741 ed.
546 3680 645 3758 Heyn.
668 3699 723 3762 qun
744 3681 826 3742 soleo
850 3682 940 3757 utiio
965 3681 1100 3742 versibus
1122 3684 1322 3746 numerandis:

302 3786 365 3848 His
388 3785 514 3848 sederet
541 3785 655 3866 yeiidio
677 3804 805 3850 monens
827 3807 845 3848 e
864 3785 1004 3867 lontibus
1029 3784 1130 3861 undu,

200 3914 203 3919 ·
303 3888 391 3980 Quae
411 3890 531 3953 levidus
551 3890 709 3973 piacidum
724 3893 810 3952 ¹rioio
834 3897 926 3951 sonat
946 3896 1016 3950 orta
1038 3889 1192 3972 liquorem.

98 3993 244 4060 Observa
274 3994 505 4056 collocationem:
534 3993 653 4056 levidus
682 3994 838 4077 placidum
859 4015 885 4054 r.
951 3999 1079 4075 superat
1100 3993 1203 4054 Petuu.
1225 3987 1340 4059 dinen.

93 4101 238 4176 August.
262 4101 292 4159 ot
313 4098 408 4161 Voss.
429 4103 480 4160 81.
525 4096 734 4161 Deinde'nete
753 4116 806 4179 pro
829 4104 898 4160 orta
919 4112 990 4157 unus
1008 4095 1098 4157 Voss.
1111 4100 1164 4159 81.
1193 4099 1243 4160 -1ut
1262 4101 1340 4182 pto-

90 4204 207 4266 meam
236 4202 431 4263 Mossneosis:
464 4201 516 4262 sod
549 4219 622 4282 quoe
653 4203 803 4264 manifesto
830 4203 918 4285 vitiu,
952 4219 987 4263 en
1019 4219 1073 4261 non
1102 4207 1208 4262 nnnoto
1234 4206 1335 4265 omnir.

89 4296 177 4370 Τιιιιι
199 4307 298 4386 pergit
318 4310 406 4385 poeto
428 4324 458 4367 v.
474 4308 545 4367 118.
565 4322 648 4386 qoem
668 4304 759 4367 loennr
782 4320 822 4366 ex
843 4322 905 4367 meu
926 4308 1093 4386 ooooeptuur
1115 4309 1258 4368 sententio
1280 4318 1336 4370 ex·-

89 4398 213 4474 bibon:

299 4513 344 4576 Et
366 4532 491 4598 quaqua
510 4514 655 4596 minu-
667 4515 769 4575 notum
790 4528 852 4572 noe
868 4510 1020 4593 metopo
1040 4532 1152 4591 aures,

182 4631 302 4682 Valerius
319 4629 391 4688 coto.
1082 4603 1133 4671 ¹9
