2948 4986
30 37 37 165 l

31 190 36 293 ξ
386 199 430 262 int
451 197 620 263 vnirdnii
642 197 823 265 CATONIS
844 199 986 266 ninas.
1235 211 1314 279 11?

12 372 27 412 ¹
80 374 227 454 nppeilant,
258 375 288 434 in
309 391 346 435 ea
367 371 562 452 appellatione
584 372 713 451 primitus
734 371 809 435 baad
832 374 920 436 dubie
944 375 1091 454 propriam
1112 375 1232 455 pluralis
1254 379 1314 438 vim

12 478 29 561 Γ,
77 495 144 537 osana
165 475 337 563 obtinebat,
359 477 426 536 sive
449 472 505 536 boc
526 474 586 536 sibi
608 474 750 554 voluerit,
773 479 872 538 varias
894 479 922 538 in
946 496 1001 540 uua
1018 479 1115 558 puella
1130 481 1228 543 inesse
1245 476 1313 543 ille-

12 572 28 659 ’,Ι
75 579 185 647 tebras,
210 585 242 640 et
263 579 350 639 multa
371 596 463 657 posse
484 594 524 638 ex
545 596 601 638 una
623 577 720 658 puelia
741 581 849 657 gaudia
870 583 954 662 capi,
976 601 1060 666 quern
1077 585 1105 644 in
1123 601 1238 646 sensum
1258 603 1312 643 oo-

12 668 25 777 ι]
71 690 125 744 ster
148 683 242 744 intra:
274 683 402 744 Gaudia
424 702 543 764 temper
563 686 640 745 enim
660 692 717 745 trra
736 704 782 746 me
802 689 974 748 meminisse
995 687 1114 764 licebit3
1137 688 1203 749 sive
1224 687 1313 766 illud,

12 792 18 807 “
69 787 138 868 qaod
162 787 249 848 etlam
272 787 391 858 fortius,
422 788 541 849 amatori
565 785 688 865 pueliam
717 805 786 848 esse
814 788 906 850 instar
934 790 1104 866 gaudiorum
1125 791 1259 851 omnium:
1283 797 1314 853 at

12 900 14 913 '
68 889 119 953 ioc
144 909 201 951 aon
224 908 341 968 semper
368 891 575 966 cogitaverunt
603 891 775 969 scriptores.
819 892 937 954 Haboni
958 894 1031 954 enim
1053 892 1110 955 boc
1130 892 1314 978 loquutiones

68 994 223 1070 eiusnodi,
251 996 284 1053 ut
304 992 393 1054 mulio
415 1012 467 1052 usu
489 995 634 1073 propriam
657 994 717 1054 vim
745 1012 825 1059 mam
847 997 993 1073 mittant,
1024 1001 1054 1058 et
1074 995 1144 1058 nibil
1168 1005 1199 1059 ut
1220 1000 1314 1060 restat

66 1098 121 1158 nisi
144 1095 377 1158 blandimentum.
409 1097 446 1157 ci.
470 1094 534 1157 liet.
557 1101 611 1158 20.
635 1100 687 1159 db.
1078 1128 1082 1133 ·

127 1200 189 1262 laur
212 1199 466 1282 depressioribus
494 1200 647 1260 videndum
674 1204 730 1262 est
774 1199 865 1281 Quam
888 1203 915 1263 in
942 1221 1002 1264 rem
1030 1220 1105 1285 quae
1127 1201 1314 1266 Boxbornlas

65 1305 212 1385 disputat,
235 1304 284 1384 qui
306 1303 343 1363 de
364 1321 438 1382 agro
460 1304 512 1379 agi
534 1302 730 1365 creditoribus
752 1304 874 1367 Catonis
896 1304 1011 1368 additio
1033 1307 1091 1368 sibi
1111 1310 1314 1386 persuaserat,

66 1410 121 1469 etsi
146 1409 298 1486 perinepta
320 1411 403 1482 suot,
431 1407 458 1467 id
481 1411 574 1469 taroen
598 1406 667 1468 boni
689 1406 815 1486 babent,
845 1410 921 1490 quod
944 1407 995 1470 ille
1021 1410 1058 1471 de
1082 1411 1162 1471 veris
1183 1428 1219 1471 ac
1241 1428 1315 1489 pro-

67 1513 130 1592 prie
152 1511 241 1572 dictis
260 1510 457 1592 praetoribus
479 1512 529 1587 agi
553 1509 583 1571 b.
606 1509 625 1571 i.
649 1510 802 1573 intellexit.
840 1512 912 1574 Nam
935 1512 1010 1595 quod
1030 1512 1171 1575 Puiscbio
1188 1516 1216 1574 in
1234 1532 1315 1575 men-

68 1621 123 1677 tem
149 1615 248 1690 venit,
269 1624 433 1696 praetores
450 1628 468 1674 a
485 1614 597 1676 Catone
619 1615 676 1675 dici
698 1613 767 1676 belii
789 1615 885 1677 civilis
902 1617 1010 1691 duces,
1032 1634 1114 1697 quam
1130 1619 1214 1679 etiam
1228 1636 1316 1679 meam

68 1719 133 1780 alin
161 1719 325 1796 opinionem
353 1719 445 1778 inisse
473 1719 580 1790 fateor,
608 1724 640 1778 ut
662 1716 743 1778 Sulla
772 1721 893 1781 maxime
918 1720 1120 1797 significetur,
1151 1723 1200 1803 qui
1226 1722 1316 1783 dividi

70 1841 160 1899 agros
184 1822 333 1898 ueteranis
354 1822 454 1881 iussit:
478 1839 539 1881 eam
561 1820 664 1881 dudum
686 1822 848 1900 repudiari.
887 1823 1007 1905 Aliquid
1028 1824 1079 1886 ilia
1099 1826 1238 1904 praesidii
1260 1825 1315 1886 ba-

70 1927 119 1991 bai
141 1927 171 1987 in
193 1925 388 2003 etymologia,
413 1943 432 1985 a
456 1926 651 2006 praeeundo:
681 1944 779 1986 verum
807 1925 864 1987 boc
891 1927 959 1988 leve
982 1931 1040 1990 est.
1084 1926 1124 1991 Ut
1146 1930 1218 1990 enlm
1242 1948 1315 1989 eoo-

71 2012 173 2101 eerlas,
201 2029 405 2110 antiquissimis
427 2029 605 2106 temporibus
630 2039 800 2111 praetorem
829 2030 932 2092 dictum
956 2050 1043 2103 esse,
1074 2032 1124 2094 rel
1148 2034 1204 2094 dici
1228 2042 1315 2112 potu-

72 2135 146 2211 hsc,
168 2131 240 2194 belli
263 2132 379 2203 ducem,
407 2129 529 2194 Catonis
550 2135 647 2193 aetate
669 2131 773 2193 dudum
795 2131 869 2193 alius
891 2133 1054 2196 invaluerat
1074 2154 1145 2196 unus
1168 2135 1315 2215 loquendi.

73 2237 227 2318 Antiquom
251 2254 331 2296 usum
353 2234 429 2296 ilium
451 2254 524 2316 quae
545 2237 655 2297 reterre
677 2236 812 2297 videntur
834 2237 907 2315 apud
934 2239 1094 2316 scriptores
1116 2239 1241 2317 optimae
1263 2256 1314 2298 ae-

74 2341 157 2415 tatis,
181 2344 213 2400 ut
233 2340 416 2400 inveniuntur
437 2337 587 2415 nonnulla,
610 2340 722 2415 omnia,
744 2340 801 2401 nisi
822 2339 924 2417 ialior,
947 2359 1027 2401 suam
1049 2341 1194 2422 quamdam
1216 2342 1314 2420 expli-

73 2445 213 2506 cationem
234 2440 388 2522 legemque
412 2441 528 2502 babent.
573 2438 611 2504 Ut
633 2461 716 2524 quum
736 2434 898 2525 pruetorce
920 2444 1103 2524 appellantur
1123 2463 1141 2506 a
1163 2446 1316 2524 scriptori·

73 2547 126 2609 ins
140 2547 238 2608 latinis
252 2547 356 2623 duces,
375 2542 564 2622 στρατηγοί,
581 2545 770 2623 Graecorum,
786 2544 1085 2624 Carthaginienslum,
1097 2549 1178 2608 cuius
1195 2549 1315 2623 generis

73 2649 153 2713 locos
175 2651 296 2727 attingit
318 2648 482 2712 Gronovius
510 2650 546 2710 ad
570 2649 636 2710 biv.
658 2649 743 2710 xxi.
767 2672 812 2726 ιιι,
836 2652 866 2710 i.
896 2668 951 2711 non
981 2653 1127 2730 seqnitur,
1154 2663 1314 2733 praetores

74 2756 157 2816 etiam
187 2752 350 2833 appellatos
380 2771 449 2814 csse
477 2754 565 2813 duces
588 2752 788 2837 Romanorum.
838 2753 941 2835 Neque
969 2754 1117 2816 Asconius
1142 2755 1171 2814 io
1198 2754 1314 2815 Verrio.

73 2863 141 2922 Act.
166 2857 206 2920 11.
230 2857 281 2917 lib.
304 2856 329 2918 1.
352 2879 419 2917 ιιι.
447 2876 504 2938 quo
534 2857 605 2916 idem
633 2857 721 2917 utitur
742 2855 923 2933 Gronovius,
950 2857 1026 2918 aliud
1049 2858 1153 2938 probat
1180 2858 1236 2919 nisi
1259 2857 1315 2919 boc

73 2981 172 3037 annm,
200 2962 293 3022 inisse
313 2964 523 3044 praetorium,
546 2961 694 3021 eohortem
714 2965 918 3042 praetoriam,
948 2961 1133 3044 loquutiones
1153 2961 1240 3024 multo
1262 2981 1315 3023 usu

72 3085 88 3127 a
107 3065 202 3142 longo
225 3064 292 3127 inde
314 3068 443 3143 tempore
463 3065 605 3140 sancitas,
628 3064 658 3125 'et
680 3066 762 3144 quasi
785 3063 926 3142 stabiles,
950 3068 1034 3127 etiam
1056 3067 1093 3127 de
1115 3085 1170 3143 eo,
1193 3067 1314 3148 quinon

72 3173 153 3231 esset
173 3174 354 3251 praetorre
376 3184 456 3227 vera.
500 3165 594 3247 (luem¹
617 3170 710 3228 autern
740 3167 864 3229 nonnulli
894 3168 951 3230 buc
979 3172 1120 3246 referunt,
1150 3168 1316 3231 Iuvenalem

72 3273 111 3335 X.
134 3277 189 3336 ao.
211 3290 277 3352 sqq.
323 3271 406 3359 Quid
433 3273 464 3332 ei
490 3271 625 3333 vidisent
653 3270 816 3332 Praetorem
842 3272 984 3335 curribus
1014 3273 1091 3335 altio
1114 3274 1314 3351 desirantem,

72 3383 128 3439 etc.
151 3395 236 3459 quum
258 3376 339 3454 ipsc,
369 3375 422 3435 iarn
444 3374 577 3435 diffidens
597 3372 678 3449 aliis,
708 3391 761 3454 per
782 3377 1026 3453 opportunitatem
1053 3374 1188 3456 colloquii
1210 3377 1315 3436 convi-

71 3483 189 3562 vtique,
211 3498 269 3560 quo
291 3476 340 3538 ille
362 3492 407 3539 me
428 3479 538 3556 excipit
560 3477 686 3553 siugulis
708 3476 950 3553 hebdomadibus,
978 3477 1146 3540 Heinricbio
1168 3496 1315 3558 proposu-

70 3585 178 3659 issem,
199 3580 249 3644 ille
271 3584 382 3659 statim,
405 3582 437 3641 ui
457 3586 504 3643 est
526 3581 617 3643 totius
633 3582 812 3660 antiquitatis
834 3581 1226 3660 peritissimus‚1ovenalem
1243 3600 1316 3644 vero

70 3693 213 3768 tamquam
227 3684 391 3747 familiarem
405 3703 501 3746 secum
517 3683 624 3759 babet,
646 3683 838 3745 adhibendum
859 3703 928 3747 esse
950 3686 1077 3748 eiusdem
1095 3693 1201 3765 poetae
1223 3685 1315 3747 iocum

69 3791 209 3865 alterurn,
230 3788 284 3850 xl.
305 3793 376 3850 191.
399 3809 443 3850 ss.
466 3789 638 3873 similisque
658 3788 806 3869 triumpho
828 3788 958 3852 Praeda
978 3789 1166 3852 caballorum
1184 3791 1318 3853 Praetor

70 3894 173 3965 sedet,
201 3910 295 3974 neque
321 3893 358 3953 de
379 3910 452 3953 vero
475 3890 635 3971 triumpho,
662 3895 712 3953 aut
733 3891 808 3956 duca
828 3874 916 3970 belii,
939 3892 1121 3971 cogitandum
1150 3911 1234 3968 esse,
1262 3894 1316 3955 sod

69 3997 272 4074 mgistratum
293 3996 419 4057 describi
443 3996 602 4075 praesidem
629 3995 706 4072 ludi,
735 3997 910 4058 ornamentis
938 3995 1170 4075 triumphalibus,
1198 3999 1315 4059 monuit.

68 4101 184 4178 igitur,
206 4101 234 4160 sl
255 4098 324 4161 nibil
346 4100 440 4176 aliud,
470 4099 617 4159 eomodo·
639 4101 764 4161 obscure
784 4118 821 4161 ac
843 4099 986 4179 perplexe
1007 4100 1168 4182 loquentem
1191 4099 1314 4163 babere-

68 4224 136 4266 ιιιι
157 4200 313 4282 Catonern,
342 4206 368 4265 sl
387 4214 549 4289 praetores
572 4203 699 4265 dixisset
725 4205 815 4265 duces
843 4203 923 4265 beili.
969 4203 1055 4266 noto
1076 4203 1162 4265 aliud.
1207 4205 1315 4266 Ponam

68 4309 294 4392 eliquanttsper,
313 4320 484 4391 praetorem
504 4325 596 4388 posse
618 4307 719 4369 ducens
740 4306 810 4369 beili
830 4307 906 4369 diui:
928 4311 1022 4370 temen
1042 4326 1183 4390 nunquam
1201 4310 1242 4370 ita
1262 4325 1317 4396 ac7

69 4417 187 4494 ceptum
208 4414 277 4490 tuit,
306 4418 338 4478 ut
357 4425 528 4495 praetorem
549 4412 680 4473 dicerent
707 4412 838 4494 quemvis
863 4410 934 4473 beili
964 4412 1080 4489 ducem,
1110 4413 1161 4472 sed
1184 4418 1215 4472 ut
1237 4429 1316 4485 eum,

68 4517 120 4601 qai
141 4520 226 4579 canet
245 4518 451 4596 ngbtratas,
473 4516 509 4578 ad
531 4514 638 4578 bellun
659 4515 819 4594 mendum
840 4514 970 4595 legithc
992 4517 1175 4577 mustitutus.
1214 4515 1314 4576 ,isco-
