2948 4986
380 184 435 248 nn
457 182 623 249 vrnornn
644 182 720 249 nnn.
743 182 965 250 rovensem
986 163 1094 250 bunt.
1281 192 1361 265 eta

112 355 184 418 lium
207 357 371 437 Maronem3
395 377 496 448 agrum
517 379 596 438 enm,
620 358 656 420 de
678 360 786 442 quoin
809 359 957 423 Bucolicis
978 359 1041 423 tuot.
1060 359 1085 422 I.
1103 367 1134 425 et
1143 360 1197 424 IX.
1220 362 1360 442 scriptum

113 465 173 523 est.
220 461 419 524 Disertissime
441 483 476 524 ea
499 465 534 524 de
563 481 596 523 rc
626 463 769 525 Domitius
798 469 984 543 argumento,
1011 483 1067 546 qno
1095 484 1173 527 suam
1206 466 1236 526 in
1270 465 1358 528 Diras

114 567 323 626 enarrationem
347 567 495 628 exorditur
500 610 514 649 ,Ι
536 567 611 649 quod
633 573 830 644 argumentum
853 569 956 630 deinde
979 569 1008 629 in
1022 569 1091 630 etit.
1112 567 1201 631 basil.
1218 569 1356 649 Bryllng.

96 673 212 735 ussa
236 671 264 731 in
288 668 508 747 Lugdunensem
538 672 577 733 A.
601 669 717 750 Grypb.
743 675 834 734 16⁹2.
857 678 887 734 et
915 673 1041 733 fortasse
1063 672 1091 732 in
1114 671 1187 734 alias
1208 677 1357 752 receptum

115 779 174 834 est.
218 773 352 837 Battare
373 794 520 856 cygneus.
543 796 657 837 sumana
679 775 820 857 opusculi
841 776 931 838 buius
954 785 1002 838 est
1024 775 1112 837 talis.
1159 775 1356 867 Quumbello

114 878 203 939 eioili
225 881 305 940 inter
333 878 384 940 M.
409 882 570 941 Antonium
591 888 621 941 et
641 880 814 961 Augustum
834 879 938 942 babito
961 878 1178 942 Cremonenses
1209 881 1257 943 M.
1285 881 1355 942 An-

114 987 194 1043 tonio
216 983 378 1062 favissent
400 985 533 1044 uictoria
553 990 671 1065 potitus
693 988 854 1062 Aupustus
875 1001 940 1044 cum
962 987 994 1045 in
1015 1001 1068 1045 eos
1091 982 1205 1044 ultione
1224 988 1354 1064 punien-

115 1084 172 1147 dos
195 1088 324 1149 animum
346 1087 537 1151 direaisset:
561 1091 668 1151 Arium
689 1087 888 1149 centurionem
910 1088 1036 1148 misisse
1057 1086 1192 1149 traditur
1214 1087 1256 1148 ad
1271 1087 1354 1151 dioi-

114 1188 232 1250 dendos
254 1192 335 1253 inter
355 1191 466 1253 milites
489 1193 699 1254 Cremonensis
731 1190 839 1273 populi
861 1189 1061 1270 apros:„sed
1083 1208 1147 1252 curn
1169 1209 1227 1251 nou
1249 1188 1354 1271 suffe·

114 1295 257 1353 cissent:
281 1304 310 1356 et
337 1297 504 1357 uicinorum
525 1295 766 1359 Mantuanorum
787 1312 883 1373 apros
906 1293 1028 1355 diuisit.
1073 1291 1140 1383 Quo
1168 1295 1254 1354 circa
1282 1291 1354 1356 Vir-

112 1394 227 1473 piliuni
248 1402 318 1476 apri
339 1401 418 1460 ieter
438 1398 520 1460 alios
541 1398 688 1460 militibus
712 1399 780 1461 dati
801 1405 891 1460 sunt:
916 1397 996 1481 pund
1019 1417 1111 1477 aspre
1132 1397 1237 1477 serens
1257 1395 1354 1459 Maro

101 1518 172 1583 ¹nors
195 1500 293 1562 solum
312 1510 438 1584 propter
470 1500 646 1583 deperditos
676 1520 792 1583 apros:
822 1522 925 1564 oerum
955 1504 1047 1564 etiam
1072 1511 1199 1585 propter
1225 1503 1355 1563 anacam

109 1601 248 1684 Lydiam
270 1609 301 1665 in
324 1607 458 1667 Mantua
481 1607 678 1668 derelictam:
711 1607 768 1667 boc
789 1607 974 1688 opusculum·
988 1609 1117 1688 scripsit
1146 1605 1294 1686 Vispilius
1309 1590 1354 1668 let

108 1708 203 1769 diras
234 1709 432 1791 appellavit:
464 1711 520 1771 boc
543 1722 591 1772 est
623 1710 723 1771 malae
753 1705 899 1791 fortunae
926 1711 1158 1793 imprecationes
1188 1710 1221 1771 in
1247 1709 1353 1772 bostes

104 1812 234 1892 factus.
276 1813 398 1895 Diripit
414 1826 513 1876 autem
535 1814 578 1876 ad
592 1812 756 1875 Baliarum
780 1816 811 1874 ei
828 1831 902 1895 quae
924 1808 991 1875 sunt
1011 1814 1140 1896 reliqua,
1163 1831 1235 1895 quae
1258 1812 1354 1892 paullo
1455 1885 1459 1888 ,

105 1920 179 1992 post
210 1917 363 1994 proferam.
418 1914 526 1978 Glossa
553 1917 658 1978 Venet.
687 1915 768 1978 lens.
795 1919 824 1978 ln
854 1917 996 1997 principio
1028 1918 1177 1980 carminis:
1208 1916 1247 1979 Iu
1277 1935 1353 1999 apro

109 2017 289 2099 Vispiliano
311 2031 379 2081 erat
396 2021 485 2083 -silua
506 2024 621 2083 uomina
644 2020 805 2082 batturus:
829 2025 860 2082 in
881 2022 1019 2083 bonorem
1040 2021 1127 2083 louis
1151 2023 1281 2084 incedua
1301 2043 1354 2085 re-
1388 2071 1391 2075 .

103 2129 250 2185 seruata.
298 2124 396 2186 Tboro
419 2125 569 2187 Milienus
592 2128 643 2187 cui
673 2133 758 2187 sorte
787 2124 949 2187 obusserat
976 2127 1008 2186 in
1037 2125 1191 2187 diuisione
1212 2145 1355 2206 aprorum

103 2225 197 2305 ferro
221 2246 390 2306 appressus
412 2236 461 2290 est
482 2228 668 2291 rescindere.
718 2226 866 2309 Virpilius
886 2228 975 2301 diras
998 2228 1134 2290 inillam
1152 2230 1352 2311 ierrecutur:

106 2328 313 2416 Licurpump3
337 2333 493 2416 appellat:
517 2335 656 2418 quoniam
678 2353 735 2394 reu
756 2334 810 2395 ille
831 2341 1044 2417 amputaverat
1058 2337 1139 2397 uites
1156 2335 1187 2394 in
1204 2336 1353 2396 iacturam

106 2434 239 2496 baecbi:
272 2435 363 2520 sibip3
392 2455 464 2498 crus
485 2436 573 2517 falce
594 2437 740 2498 rescidit:
772 2438 852 2522 quod
880 2437 1013 2501 Milieun
1045 2442 1219 2518 eoatinpere
1240 2457 1353 2501 concu-

100 2542 219 2621 piseit.
263 2540 387 2601 Demum
410 2543 441 2600 in
463 2540 726 2622 amplificationem
747 2545 810 2625 erit
832 2552 971 2622 repetens
999 2561 1117 2604 amores
1140 2544 1272 2618 suosin
1292 2540 1353 2603 Li-

103 2642 193 2705 &arn
216 2644 326 2725 quibus
346 2647 491 2727 priuatus
515 2647 569 2706 sit.
614 2643 696 2705 Unde
714 2644 836 2707 bellum
865 2665 894 2706 u.
918 2648 971 2707 85.
1003 2645 1177 2724 Pomponius
1205 2646 1353 2726 irtlerpro-

103 2750 188 2809 tatur
218 2745 321 2808 bellum
348 2750 524 2824 Actiacum,
554 2747 710 2829 trabemque
742 2749 884 2810 sententia
915 2746 1043 2810 Domitii.
1088 2747 1147 2810 lam
1178 2753 1210 2812 ui
1237 2748 1354 2828 singula

103 2867 291 2930 pereurrant,
317 2856 428 2931 patrem
451 2853 533 2913 etlam
556 2850 676 2928 Virgilii
706 2853 913 2913 commemorari
936 2852 1048 2913 dnobus
1072 2851 1202 2915 Dirarum
1224 2852 1299 2916 locis
1322 2875 1352 2914 v.

108 2959 161 3017 10.
185 2956 216 3015 el
238 2973 269 3015 v.
292 2960 342 3018 93.
366 2956 462 3035 opinio
487 2958 558 3016 erui.
607 2955 750 3017 Domitius
781 2955 816 3015 au
848 2974 878 3015 v.
904 2959 954 3017 10.
984 2959 1069 3018 senis
1098 2963 1217 3020 rostri:
1246 2961 1352 3041 patris

101 3061 165 3123 arci
192 3058 331 3140 Virpilii:
355 3064 408 3145 qui
430 3060 588 3123 dicebatur
608 3059 757 3123 Ilusaeus
780 3078 860 3120 rac.-
891 3055 989 3120 Gloss.
1006 3059 1044 3120 V.
1057 3057 1082 3119 l.
1101 3059 1227 3123 ibidemt
1247 3065 1353 3145 patris

102 3162 269 3226 Maronis.
303 3164 343 3226 ub
372 3165 447 3226 aliis
475 3164 635 3227 dicebatur
661 3176 754 3247 pater
780 3167 848 3225 eius
879 3161 1029 3226 Ilusucus
1058 3184 1123 3225 reu.
1174 3165 1221 3227 Ab
1244 3186 1276 3227 v.
1299 3171 1352 3229 93.

106 3268 220 3352 Tapae
241 3273 354 3331 resiste
373 3277 464 3351 pater
484 3266 589 3343 glossa
613 3268 649 3328 V.
674 3269 699 3330 Ι.
722 3265 796 3328 bueo
819 3271 883 3328 este
905 3286 1071 3353 mane—o
1094 3266 1202 3330 Maro.
1249 3271 1352 3331 bomi-

102 3371 259 3433 tlns'lbid.
290 3381 382 3455 pater
414 3371 538 3452 Virpilii
567 3371 727 3433 dicebatur
761 3371 912 3450 Virpllius
945 3367 1104 3431 Rusacus.
1149 3369 1259 3433 Badius
1281 3370 1350 3432 ibid.

100 3476 150 3539 Et
171 3483 207 3538 tu
227 3484 337 3559 pater,
360 3497 389 3538 s.
411 3476 540 3539 Rusace
561 3474 678 3539 Maro:
701 3479 833 3550 resiste,
857 3494 885 3536 s.
900 3473 1047 3535 militibus
1071 3477 1131 3535 etc.
1175 3474 1350 3555 Pomponius

102 3579 237 3642 Sablum
257 3579 295 3639 de
317 3585 400 3660 patre
422 3580 492 3640 niltil
516 3579 640 3657 diserte,
663 3577 715 3638 set
737 3577 774 3637 ab
796 3596 828 3637 v.
855 3583 903 3638 lo.
927 3578 967 3638 iia
995 3576 1141 3656 disputata
1171 3576 1265 3641 Senis
1293 3599 1350 3641 ao-

100 3684 192 3762 stri.)
209 3704 283 3765 erpo
304 3695 377 3768 post
387 3683 565 3746 Bucolicum
583 3686 729 3763 scriptum
743 3681 800 3742 boc
815 3699 893 3762 opus
911 3689 969 3742 est.
993 3700 1062 3741 uam
1078 3679 1122 3741 ibi
1138 3685 1186 3743 ait
1204 3674 1249 3761 li.
1264 3677 1350 3765 iil,

101 3789 274 3851 Fortunate
305 3781 409 3850 senaa.
446 3805 519 3868 quae
551 3787 674 3866 permira
701 3788 784 3862 suni,
819 3785 873 3845 vix
905 3782 1083 3845 concilianda
1110 3802 1172 3845 oum
1200 3785 1252 3859 lis,
1276 3805 1350 3868 quae

100 3893 176 3953 ilem
200 3891 237 3951 ab
256 3889 381 3969 ¹Virgilii
403 3891 541 3972 Eologam
557 3889 581 3950 l.
604 3889 754 3968 disputat,
777 3888 826 3949 ubi
843 3889 995 3971 Tityrum,
1019 3888 1207 3968 fortunatum
1227 3911 1347 3968 senem,

101 3998 197 4074 ipsum
221 3996 323 4056 statuit
345 3993 497 4073 Virgilium
520 4012 616 4055 csse..
643 3993 723 4070 Ergo
746 3996 796 4053 aui
823 3991 880 4053 alia
900 3992 1057 4071 Pomponio
1081 3992 1167 4054 Diras
1190 3993 1347 4073 explicanti

99 4099 320 4161 obversabatur
341 4098 539 4178 interpretatio
562 4095 692 4172 Eelogae
715 4086 907 4172 Virgilianae
923 4096 1045 4175 primae,
1078 4115 1112 4157 ea
1141 4092 1269 4172 scilieet,
1293 4118 1348 4181 qua

97 4201 233 4265 nonnulli
256 4201 321 4262 olim
353 4204 539 4284 fortunatum
562 4221 660 4262 senem
682 4207 789 4278 patrem
812 4198 1015 4274 intelligebant
1049 4198 1187 4277 Virgilii:
1215 4200 1289 4281 quod
1320 4203 1346 4262 si

98 4312 166 4385 est,
189 4310 348 4369 conveniet
370 4307 526 4385 Pomponio
550 4324 610 4366 oum
640 4304 758 4365 Domitii
791 4311 820 4364 et
852 4299 951 4363 Gloss.
987 4302 1025 4363 V.
1056 4301 1080 4364 l.
1110 4304 1346 4382 irriorpretatione

97 4411 187 4473 modo
211 4408 317 4490 ailata3
339 4416 388 4471 aut
410 4412 438 4470 in
454 4409 534 4471 Diris
556 4411 655 4471 nostri
677 4409 762 4471 senis
785 4407 900 4485 putarit
922 4406 996 4469 idern
1018 4406 1118 4469 ualere
1139 4407 1212 4487 qood
1236 4417 1345 4469 nostru

103 4517 171 4578 alre
193 4536 261 4579 nica
283 4519 379 4579 senis.
422 4513 499 4575 lrlern
522 4513 699 4576 statuentium
716 4511 772 4575 erlt
791 4510 827 4572 be
846 4511 956 4590 lindio,
978 4510 1026 4592 qui
1039 4508 1168 4571 Dirarum
1192 4527 1278 4571 versu
1293 4514 1343 4571 to.

1067 4597 1139 4667 16*
