2948 4986
110 172 163 242 78
532 161 930 230 Anlmnnvnmsluncs

175 339 236 402 Sed
259 340 341 421 plera
362 339 409 402 hic
430 345 510 420 sunt,
540 358 614 421 quae
640 338 784 402 oll'endant
810 341 955 399 assuetum
983 335 1145 414 elegantiae
1167 334 1353 413 Virgilianae

110 444 256 506 lectorem.
288 445 356 506 Duo
376 445 525 523 participia
542 444 651 521 diversi
673 442 809 519 generis,
831 441 1049 523 resplendens,
1072 440 1205 518 deeees,
1226 458 1286 501 non
1307 443 1352 502 sic

111 548 313 608 coniuncturus
334 548 440 609 luisset
462 546 606 623 Virgilius
632 548 688 607 tam
716 545 798 606 brevi
828 543 991 607 intervallo,
1034 543 1107 605 Tum
1130 546 1217 607 Ditis
1241 545 1271 605 in
1293 563 1351 606 ex-

111 655 200 710 tremo
222 668 326 726 versu,
349 655 417 729 post
438 668 644 729 praegressam
667 650 828 710 sententiae
844 648 1115 728 interpellationem,
1137 659 1210 725 tua,
1228 647 1349 731 leydia,

110 753 230 830 languet
251 752 468 835 aliquantulum:
502 755 597 815 etad
621 775 651 814 v.
676 759 726 814 66.
750 757 781 814 et
802 771 874 833 quae
895 752 1052 812 moniturus
1080 771 1140 813 snm
1161 752 1199 812 ad
1220 771 1254 810 v.
1279 757 1348 812 roo.

111 856 240 919 Erebum
261 859 468 918 commemorari
491 860 571 919 iuxta
592 859 694 920 Ditem
716 858 809 918 tritum
832 861 894 918 est:
918 859 949 917 ut
970 856 1101 917 Lucanus
1124 854 1148 916 l.
1172 858 1246 914 455.
1269 858 1348 916 taci-

109 950 163 1023 tas
185 961 272 1022 llrelri
294 962 403 1037 sedes,
427 961 562 1042 llitisque
582 962 731 1044 profundi
753 961 883 1023 Pallida
905 974 1017 1039 replear
1039 957 1170 1027 Erebum
1191 959 1281 1020 Ditis
1302 958 1348 1038 qni

110 1064 260 1125 coniuncte
280 1063 404 1142 dixerit,
426 1067 541 1145 praeter
563 1061 700 1126 Catonem
722 1063 814 1125 habeo
838 1064 984 1124 nerninem.
1029 1061 1263 1125 Ditis-Oreus
1286 1060 1348 1122 olim

109 1166 244 1228 librorum
265 1168 363 1228 nescio
385 1185 520 1248 quornm,
542 1166 612 1230 lano
634 1167 735 1230 Dousa
757 1165 850 1243 etA.
874 1167 969 1229 Statio
992 1166 1184 1244 testantibus,
1207 1166 1348 1245 scriptura

109 1273 137 1330 in
158 1268 265 1331 Tibull.
290 1269 343 1331 111.
362 1293 412 1353 11.
443 1276 519 1332 extr.
549 1271 596 1332 ahi
625 1289 698 1332 nuno
725 1274 803 1332 recte
825 1272 937 1332 Diues.
983 1268 1093 1331 Similis
1121 1273 1169 1331 est
1194 1269 1347 1330 verboram

108 1374 145 1434 ad
168 1372 293 1434 eumdem
313 1375 375 1434 fere
396 1392 511 1434 sensnm
534 1374 710 1436 redeuntium
733 1375 914 1450 coniunctio,
942 1375 1076 1435 Tartara
1097 1374 1169 1451 leti,
1190 1371 1240 1434 vel
1264 1372 1348 1449 Leti,

109 1495 189 1562 qnam
212 1476 339 1554 Virgilio
362 1475 474 1554 Georg.
496 1477 551 1541 lv.
576 1483 648 1540 181.
672 1483 703 1539 2.
725 1479 852 1558 praeivit
874 1477 1024 1539 Lucretius
1044 1476 1096 1538 lll.
1119 1482 1169 1536 11.
1196 1481 1247 1538 rs.
1291 1474 1348 1536 sen

108 1581 203 1656 magis
224 1580 325 1641 similis
341 1578 505 1660 Sophocles
520 1581 557 1644 0·
572 1579 608 1644 C.
628 1588 718 1646 1391.
736 1582 775 1642 Η.
794 1575 830 1638 τό
849 1575 1018 1657 Ταρτάρου
1043 1573 1182 1661 στυγνὸν,
1200 1578 1348 1658 πατρῷον

109 1680 232 1758 ἔρεβος.
276 1685 314 1746 nt
337 1702 442 1745 sensus
467 1685 579 1764 quidem
600 1682 722 1747 'Catonis
744 1704 799 1746 con
823 1688 870 1746 est
892 1686 920 1744 in
942 1684 1095 1760 anibiguo:
1129 1683 1261 1746 Eretum
1282 1683 1348 1744 dicit

110 1788 311 1848 obscuritatem
333 1788 487 1864 internam,
508 1806 583 1868 quae
607 1790 690 1850 vocis
711 1788 891 1869 significatio
909 1792 939 1850 ct
958 1789 994 1848 alr
1015 1787 1195 1866 etymologia
1209 1805 1349 1848 comanen-

110 1891 253 1952 dationem
273 1890 376 1969 hahet,
399 1896 431 1954 et
451 1893 713 1971 grammaticorum,
736 1897 768 1955 ut
788 1893 884 1968 Festi,
912 1893 1138 1972 scriptorumque
1160 1909 1348 1968 graecorum,

113 1998 143 2055 nt
166 1993 320 2073 Sophoclis
343 1994 363 2054 l.
385 1994 405 2055 l.
434 2000 464 2057 et
485 1995 580 2057 Aiace
602 2002 675 2059 395.
708 1996 814 2073 Antig.
839 2002 911 2058 589.
940 1997 1111 2056 auctoritate
1139 1994 1349 2074 comprobatur.

111 2097 152 2160 Ut
175 2097 289 2163 Erotos
312 2098 399 2160 Ditis
421 2099 571 2178 itemst,
594 2100 670 2180 quod
693 2099 864 2162 usitatius‘a
886 2098 999 2162 Catullo
1022 2103 1054 2161 et
1074 2098 1209 2160 Lucretio
1232 2096 1348 2158 1111.

110 2203 232 2278 dicitur,
261 2202 402 2264 tenebrae
426 2203 510 2266 Orci.
556 2203 727 2285 Quamquam
755 2208 859 2282 poetae
887 2203 965 2263 latini
993 2201 1062 2262 illud
1089 2206 1227 2281 tamqnam
1249 2217 1348 2261 nomen

110 2308 254 2385 proprium
277 2325 414 2385 usurpare
437 2294 542 2369 solent.
576 2306 636 2369 Sed
659 2308 742 2367 etiarn
760 2306 904 2383 Virgilius
922 2307 1035 2366 invenis
1053 2325 1136 2387 quum
1154 2305 1256 2366 Ereto
1277 2304 1349 2366 dixit

110 2412 139 2471 11
161 2407 261 2472 (inlice
282 2431 313 2472 v.
334 2416 425 2487 201,
442 2411 516 2473 dixit
537 2409 641 2472 latiore
663 2410 891 2488 significatione:
926 2411 992 2473 lom
1014 2415 1155 2495 quatiens
1179 2408 1349 2490 11119111-

110 2518 193 2577 riens
215 2514 312 2576 llreho
339 2518 383 2576 cit
409 2535 503 2598 equos
528 2516 609 2578 Nos.
663 2515 728 2576 Non
754 2515 869 2575 invenio
899 2515 973 2595 quod
1002 2517 1133 2592 praestet
1161 2513 1349 2575 emendationi

112 2618 272 2695 Scaligeri,
302 2636 394 2698 neque
423 2637 516 2679 urerer
544 2621 571 2679 ln
594 2617 649 2679 lroc
672 2623 759 2697 poeta
788 2619 938 2697 participia
966 2618 1092 2678 eiusdem
1112 2619 1233 2694 generis
1254 2635 1349 2696 parum

111 2720 262 2797 eleganter
284 2724 435 2783 coniuncta
456 2722 522 2783 duo.
568 2722 600 2783 11
623 2721 706 2782 libris
729 2725 829 2806 quatit
850 2734 880 2784 et
903 2722 930 2784 d.
957 2715 1050 2803 ‘Quid
1072 2722 1129 2781 sibi
1153 2719 1244 2799 velit,
1267 2719 1348 2782 linuit

1 2848 2 2852 ¹
111 2841 216 2883 versus
238 2825 375 2902 patefacit
396 2842 443 2903 ap.
467 2821 633 2886 Ciceronem
655 2825 692 2886 de
715 2826 843 2887 Divinat.
865 2826 889 2886 1.
914 2848 1021 2886 namu.
1045 2827 1166 2888 interea
1189 2826 1242 2895 sel
1262 2825 1348 2886 elles

111 2930 292 2988 recessitis
315 2927 418 3007 infera
439 2931 549 2989 noctis.
596 2927 672 2988 ldem
695 2933 741 2990 est
763 2929 861 2990 Erebo
884 2931 913 2989 ic
936 2927 1052 3005 Colice,
1075 2933 1106 2991 et
1127 2929 1231 3008 infera
1253 2933 1348 2992 nomio

110 3027 185 3107 apud
207 3028 337 3088 lineium.
366 3029 476 3091 Neuter
491 3030 656 3108 Tartarum,
680 3032 731 3092 sed
750 3032 901 3109 caliginem
920 3032 1016 3093 dicunt
1034 3049 1113 3107 eam,
1134 3049 1210 3112 quae
1228 3033 1348 3094 interdiu

111 3131 202 3193 latere
224 3131 279 3192 sula
301 3134 430 3209 margine
456 3133 537 3194 orbis
565 3139 718 3214 terrarum,
747 3139 832 3197 noctu
859 3140 952 3197 autem
982 3153 1155 3211 assurgere,
1186 3135 1348 3218 caelumque

111 3253 262 3315 occupare.
276 3236 398 3297 videtur.
443 3237 489 3299 Cl‘.
513 3237 638 3320 Quintus
661 3240 777 3318 Smyrn.
799 3239 869 3299 Xll.
895 3245 965 3300 118.
988 3240 1072 3301 XlV.
1097 3244 1127 3299 2.
1253 3239 1347 3301 Datiri

112 3359 198 3418 usus,
226 3340 325 3402 Ereto
348 3341 479 3418 doceas,
507 3342 581 3402 satis
603 3347 697 3404 notus.
742 3342 880 3402 Manilius
903 3341 956 3402 lll.
980 3347 1053 3404 611.
1097 3343 1346 3406 1111111111-

111 3444 324 3507 emunetatis
346 3463 477 3526 corpora
499 3446 591 3505 morti.
623 3444 768 3522 Virgilius
791 3445 855 3508 Cel.
879 3452 947 3508 186.
982 3447 1132 3509 Obtritum
1154 3449 1238 3509 morti
1260 3451 1343 3510 misit.

112 3543 152 3607 Ut
173 3550 280 3608 taceam
302 3547 376 3609 alios
399 3546 531 3627 Virgilii,
554 3548 690 3625 aliorum,
713 3548 804 3611 locos.
1289 3573 1293 3581 ·

177 3650 288 3711 Heinsii
310 3669 391 3712 unam
414 3654 617 3729 coniecturam,
641 3672 773 3736 aequore
794 3674 824 3714 v.
843 3660 893 3718 le.
917 3657 970 3714 iam
989 3655 1121 3715 vidimus.
1151 3655 1269 3716 Deinde
1283 3655 1343 3718 Nm

114 3759 218 3816 iterum
240 3755 367 3817 reduces
390 3755 529 3817 tentabat.
574 3756 682 3817 Postea
710 3757 929 3837 inscriptorum
953 3758 1086 3819 Aldinam
1108 3760 1241 3837 pronior,
1272 3774 1342 3841 quau

113 3860 210 3934 recte,
239 3862 269 3917 nt
291 3862 374 3936 puto,
398 3859 434 3920 ad
457 3858 583 3919 codicem
605 3862 694 3920 rel'ert
715 3860 895 3921 Bembinum:
930 3860 1004 3942 Quin
1031 3872 1086 3923 tuo
1112 3863 1238 3944 epam
1257 3882 1281 3924 r.
1296 3878 1342 3922 nc·

113 3977 203 4041 quere
226 3961 311 4022 sitve
332 3961 443 4023 Noscat
464 3966 524 4025 iter
545 3964 658 4024 decens
681 3963 797 4040 Erebo,
820 3983 881 4024 mea
902 3965 1011 4043 Lydia,
1035 3967 1133 4028 Ditis.
1157 3965 1206 4026 vel
1225 3968 1341 4039 Pascat·

113 4055 223 4139 Addit,
247 4066 397 4127 nranileste
418 4065 453 4126 de
470 4067 568 4127 Aetna
589 4067 655 4143 agi:
678 4085 730 4145 per
753 4071 879 4128 crateras
895 4070 968 4129 enim
986 4071 1101 4131 Aetnae
1119 4069 1269 4131 Plutonem
1284 4085 1340 4131 eru·

114 4166 195 4245 pisse
217 4167 408 4247 Proserpinae
429 4173 579 4249 raptorem.
622 4169 712 4252 Quam
734 4173 761 4246 in
785 4174 954 4245 sententiam
977 4191 1033 4233 non
1056 4173 1127 4234 nralc
1150 4174 1192 4236 ita
1214 4169 1339 4251 iungebat

114 4272 185 4334 ista:
215 4275 273 4333 iter
295 4273 382 4334 Ditis
405 4274 518 4336 decens
541 4274 652 4351 Ereto.
698 4274 758 4336 Sed
782 4275 817 4336 de
840 4277 937 4336 Aetna
962 4278 1071 4337 somnia
1093 4281 1170 4338 sunt.
1259 4279 1338 4367 (tract

115 4379 146 4436 tu
168 4395 282 4457 cyaneo
303 4396 330 4436 r.
353 4378 433 4439 aare,
457 4397 484 4439 s.
508 4379 579 4440 Non
597 4383 701 4441 iterum
722 4380 847 4456 diceas,
871 4399 946 4441 eram
968 4399 1027 4457 ego
1047 4385 1111 4458 tue,
1130 4377 1240 4459 Lydia!
1259 4378 1337 4444 distis

116 4477 239 4556 Silligii3
264 4481 360 4570 Quem
379 4480 435 4541 tua
455 4501 482 4543 e.
499 4503 525 4543 r.
544 4483 675 4547 cette.
711 4483 782 4546 Nom
804 4489 907 4547 iterum
929 4482 1012 4562 luget
1034 4483 1136 4546 erebro
1159 4487 1223 4564 tna,
1245 4480 1337 4562 tynio

116 4582 190 4644 dici:
212 4582 345 4647 unsrun
365 4585 539 4649 coniectura.
1228 4602 1232 4607 ·
