<?xml version="1.0" encoding="UTF-8"?>
<!DOCTYPE html PUBLIC "-//W3C//DTD XHTML 1.0 Transitional//EN"
    "http://www.w3.org/TR/xhtml1/DTD/xhtml1-transitional.dtd">
<html xmlns="http://www.w3.org/1999/xhtml" xml:lang="en" lang="en">
 <head>
  <title>
</title>
<meta http-equiv="Content-Type" content="text/html;charset=utf-8" />
  <meta name='ocr-system' content='tesseract 3.04.00' />
  <meta name='ocr-capabilities' content='ocr_page ocr_carea ocr_par ocr_line ocrx_word'/>
</head>
<body>
  <div class='ocr_page' id='page_1' title='image "./carminavaleriic00catogoog_0194.png"; bbox 0 0 2948 4986; ppageno 0'>
   <div class='ocr_carea' id='block_1_1' title="bbox 393 157 1358 239">
    <p class='ocr_par' dir='ltr' id='par_1_1' title="bbox 393 157 1358 239">
     <span class='ocr_line' id='line_1_1' title="bbox 393 157 1358 239; baseline 0.017 -15"><span class='ocrx_word' id='word_1_1' title='bbox 393 159 435 224; x_wconf 82' lang='grc' dir='ltr'><strong>ΙΝ</strong></span> <span class='ocrx_word' id='word_1_2' title='bbox 459 158 628 223; x_wconf 74' lang='lat' dir='ltr'><strong>VAOERll</strong></span> <span class='ocrx_word' id='word_1_3' title='bbox 657 157 840 230; x_wconf 62' lang='lat' dir='ltr'>CATONIS</span> <span class='ocrx_word' id='word_1_4' title='bbox 862 157 1070 225; x_wconf 74' lang='lat' dir='ltr'><strong>beroenti-</strong></span> <span class='ocrx_word' id='word_1_5' title='bbox 1279 167 1358 239; x_wconf 66' lang='lat'><strong>177</strong></span> 
     </span>
    </p>
   </div>
   <div class='ocr_carea' id='block_1_2' title="bbox 109 331 1420 1661">
    <p class='ocr_par' dir='ltr' id='par_1_2' title="bbox 109 331 1420 1661">
     <span class='ocr_line' id='line_1_2' title="bbox 135 331 1353 415; baseline 0.005 -22"><span class='ocrx_word' id='word_1_6' title='bbox 135 351 220 396; x_wconf 81' lang='grc' dir='ltr'>οοιιιοι.</span> <span class='ocrx_word' id='word_1_7' title='bbox 263 333 433 414; x_wconf 75' lang='lat' dir='ltr'><strong>Propertius</strong></span> <span class='ocrx_word' id='word_1_8' title='bbox 456 332 543 399; x_wconf 78' lang='lat' dir='ltr'><strong>l.,rr.</strong></span> <span class='ocrx_word' id='word_1_9' title='bbox 563 337 617 394; x_wconf 75' lang='lat'><strong>24.</strong></span> <span class='ocrx_word' id='word_1_10' title='bbox 635 331 756 396; x_wconf 82' lang='lat' dir='ltr'><strong>Nellos</strong></span> <span class='ocrx_word' id='word_1_11' title='bbox 772 333 831 395; x_wconf 77' lang='lat' dir='ltr'><strong>tua</strong></span> <span class='ocrx_word' id='word_1_12' title='bbox 848 337 918 398; x_wconf 82' lang='lat' dir='ltr'><strong>ouis</strong></span> <span class='ocrx_word' id='word_1_13' title='bbox 936 343 1101 415; x_wconf 76' lang='lat' dir='ltr'><strong>conternent</strong></span> <span class='ocrx_word' id='word_1_14' title='bbox 1117 333 1240 415; x_wconf 67' lang='grc' dir='ltr'>βαίνοι</span> <span class='ocrx_word' id='word_1_15' title='bbox 1256 355 1353 413; x_wconf 82' lang='lat' dir='ltr'><strong>arae,</strong></span> 
     </span>
     <span class='ocr_line' id='line_1_3' title="bbox 131 418 1353 523; baseline 0 -23"><span class='ocrx_word' id='word_1_16' title='bbox 131 437 164 500; x_wconf 82' lang='lat' dir='ltr'><strong>dt</strong></span> <span class='ocrx_word' id='word_1_17' title='bbox 181 441 352 523; x_wconf 74' lang='lat' dir='ltr'><em>quicumque</em></span> <span class='ocrx_word' id='word_1_18' title='bbox 374 457 484 513; x_wconf 82' lang='lat' dir='ltr'><strong>sacer,</strong></span> <span class='ocrx_word' id='word_1_19' title='bbox 510 435 615 520; x_wconf 79' lang='lat' dir='ltr'><strong>qualis</strong></span> <span class='ocrx_word' id='word_1_20' title='bbox 639 436 765 521; x_wconf 77' lang='lat' dir='ltr'><strong>ubique,</strong></span> <span class='ocrx_word' id='word_1_21' title='bbox 789 418 885 520; x_wconf 76' lang='lat' dir='ltr'><strong>inpie.</strong></span> <span class='ocrx_word' id='word_1_22' title='bbox 910 436 959 498; x_wconf 92' lang='lat' dir='ltr'><strong>ubi</strong></span> <span class='ocrx_word' id='word_1_23' title='bbox 982 431 1189 516; x_wconf 80' lang='lat' dir='ltr'><strong>supplendum,</strong></span> <span class='ocrx_word' id='word_1_24' title='bbox 1213 444 1242 501; x_wconf 90' lang='lat' dir='ltr'><strong>ut</strong></span> <span class='ocrx_word' id='word_1_25' title='bbox 1265 444 1353 502; x_wconf 88' lang='lat' dir='ltr'><strong>toturn</strong></span> 
     </span>
     <span class='ocr_line' id='line_1_4' title="bbox 130 540 1353 621; baseline 0.005 -20"><span class='ocrx_word' id='word_1_26' title='bbox 130 542 310 621; x_wconf 70' lang='lat' dir='ltr'><strong>complectaris</strong></span> <span class='ocrx_word' id='word_1_27' title='bbox 338 543 526 602; x_wconf 78' lang='lat' dir='ltr'><strong>sententiani:</strong></span> <span class='ocrx_word' id='word_1_28' title='bbox 558 559 619 600; x_wconf 85' lang='lat' dir='ltr'><strong>eunr</strong></span> <span class='ocrx_word' id='word_1_29' title='bbox 648 544 903 602; x_wconf 80' lang='lat' dir='ltr'><strong>noueoutenruet.</strong></span> <span class='ocrx_word' id='word_1_30' title='bbox 947 540 1027 602; x_wconf 90' lang='lat' dir='ltr'><strong>lderu</strong></span> <span class='ocrx_word' id='word_1_31' title='bbox 1059 544 1082 603; x_wconf 92' lang='grc' dir='ltr'><strong>Ι.</strong></span> <span class='ocrx_word' id='word_1_32' title='bbox 1115 565 1184 602; x_wconf 74' lang='lat'>1111·</span> <span class='ocrx_word' id='word_1_33' title='bbox 1215 547 1276 615; x_wconf 81' lang='grc'><strong>18.</strong></span> <span class='ocrx_word' id='word_1_34' title='bbox 1309 547 1353 607; x_wconf 83' lang='lat' dir='ltr'><strong>Et</strong></span> 
     </span>
     <span class='ocr_line' id='line_1_5' title="bbox 126 642 1352 729; baseline 0.004 -23"><span class='ocrx_word' id='word_1_35' title='bbox 126 665 218 728; x_wconf 84' lang='lat' dir='ltr'><strong>erpere</strong></span> <span class='ocrx_word' id='word_1_36' title='bbox 240 650 358 729; x_wconf 82' lang='lat' dir='ltr'><strong>optetis</strong></span> <span class='ocrx_word' id='word_1_37' title='bbox 382 648 511 707; x_wconf 85' lang='lat' dir='ltr'><strong>unimam</strong></span> <span class='ocrx_word' id='word_1_38' title='bbox 534 643 685 725; x_wconf 74' lang='lat' dir='ltr'><em>deponere</em></span> <span class='ocrx_word' id='word_1_39' title='bbox 706 642 824 720; x_wconf 83' lang='lat' dir='ltr'><strong>labris,</strong></span> <span class='ocrx_word' id='word_1_40' title='bbox 848 644 891 706; x_wconf 82' lang='lat' dir='ltr'><strong>Et</strong></span> <span class='ocrx_word' id='word_1_41' title='bbox 915 664 995 727; x_wconf 78' lang='lat' dir='ltr'><strong>puae</strong></span> <span class='ocrx_word' id='word_1_42' title='bbox 1017 646 1128 708; x_wconf 87' lang='lat' dir='ltr'><strong>deinde</strong></span> <span class='ocrx_word' id='word_1_43' title='bbox 1148 668 1230 710; x_wconf 84' lang='lat' dir='ltr'><strong>meare</strong></span> <span class='ocrx_word' id='word_1_44' title='bbox 1253 650 1352 726; x_wconf 84' lang='lat' dir='ltr'><strong>ceint,</strong></span> 
     </span>
     <span class='ocr_line' id='line_1_6' title="bbox 119 747 1353 835; baseline -0.001 -21"><span class='ocrx_word' id='word_1_45' title='bbox 119 755 218 824; x_wconf 76' lang='grc' dir='ltr'>ιπίοε,</span> <span class='ocrx_word' id='word_1_46' title='bbox 240 749 351 831; x_wconf 77' lang='lat' dir='ltr'><strong>pedor·</strong></span> <span class='ocrx_word' id='word_1_47' title='bbox 373 747 579 828; x_wconf 87' lang='lat' dir='ltr'><strong>supplendum:</strong></span> <span class='ocrx_word' id='word_1_48' title='bbox 603 766 638 809; x_wconf 88' lang='lat' dir='ltr'><strong>ea</strong></span> <span class='ocrx_word' id='word_1_49' title='bbox 655 752 685 809; x_wconf 92' lang='lat' dir='ltr'><strong>te</strong></span> <span class='ocrx_word' id='word_1_50' title='bbox 704 747 765 808; x_wconf 88' lang='lat' dir='ltr'><strong>vidi</strong></span> <span class='ocrx_word' id='word_1_51' title='bbox 781 749 891 810; x_wconf 85' lang='lat' dir='ltr'><strong>faeere.</strong></span> <span class='ocrx_word' id='word_1_52' title='bbox 937 748 1013 810; x_wconf 83' lang='lat' dir='ltr'><strong>Idem</strong></span> <span class='ocrx_word' id='word_1_53' title='bbox 1031 747 1071 810; x_wconf 94' lang='grc' dir='ltr'><strong>ΙΙ.</strong></span> <span class='ocrx_word' id='word_1_54' title='bbox 1092 772 1181 811; x_wconf 78' lang='lat' dir='ltr'><strong>xxva</strong></span> <span class='ocrx_word' id='word_1_55' title='bbox 1199 755 1251 814; x_wconf 79' lang='lat'><strong>35.</strong></span> <span class='ocrx_word' id='word_1_56' title='bbox 1270 771 1353 835; x_wconf 88' lang='lat' dir='ltr'><strong>seqq.</strong></span> 
     </span>
     <span class='ocr_line' id='line_1_7' title="bbox 122 851 1353 938; baseline 0.003 -22"><span class='ocrx_word' id='word_1_57' title='bbox 122 852 220 916; x_wconf 79' lang='lat' dir='ltr'><strong>Omnia</strong></span> <span class='ocrx_word' id='word_1_58' title='bbox 246 855 423 937; x_wconf 83' lang='lat' dir='ltr'><strong>perpetiar,</strong></span> <span class='ocrx_word' id='word_1_59' title='bbox 454 871 570 918; x_wconf 84' lang='lat' dir='ltr'><strong>eneous</strong></span> <span class='ocrx_word' id='word_1_60' title='bbox 594 853 667 915; x_wconf 86' lang='lat' dir='ltr'><strong>lieet</strong></span> <span class='ocrx_word' id='word_1_61' title='bbox 694 860 804 933; x_wconf 83' lang='lat' dir='ltr'><strong>urpeat</strong></span> <span class='ocrx_word' id='word_1_62' title='bbox 831 852 958 931; x_wconf 81' lang='lat' dir='ltr'><strong>Eurus,</strong></span> <span class='ocrx_word' id='word_1_63' title='bbox 986 851 1122 938; x_wconf 82' lang='lat' dir='ltr'><strong>Veiepree</strong></span> <span class='ocrx_word' id='word_1_64' title='bbox 1149 857 1182 916; x_wconf 82' lang='grc' dir='ltr'><strong>ιἰι</strong></span> <span class='ocrx_word' id='word_1_65' title='bbox 1208 859 1353 920; x_wconf 76' lang='lat' dir='ltr'><strong>incertum</strong></span> 
     </span>
     <span class='ocr_line' id='line_1_8' title="bbox 117 955 1420 1047; baseline 0.004 -29"><span class='ocrx_word' id='word_1_66' title='bbox 117 957 247 1038; x_wconf 80' lang='lat' dir='ltr'><strong>sriptdeo</strong></span> <span class='ocrx_word' id='word_1_67' title='bbox 277 966 385 1021; x_wconf 82' lang='lat' dir='ltr'><strong>nester</strong></span> <span class='ocrx_word' id='word_1_68' title='bbox 415 967 513 1037; x_wconf 81' lang='lat' dir='ltr'><strong>upet,·</strong></span> <span class='ocrx_word' id='word_1_69' title='bbox 532 955 721 1046; x_wconf 77' lang='lat' dir='ltr'><strong>,Quicumque</strong></span> <span class='ocrx_word' id='word_1_70' title='bbox 743 964 773 1016; x_wconf 90' lang='lat' dir='ltr'><strong>et</strong></span> <span class='ocrx_word' id='word_1_71' title='bbox 790 959 876 1018; x_wconf 81' lang='lat' dir='ltr'><strong>venti</strong></span> <span class='ocrx_word' id='word_1_72' title='bbox 896 961 1043 1043; x_wconf 76' lang='lat' dir='ltr'><strong>miserum</strong></span> <span class='ocrx_word' id='word_1_73' title='bbox 1056 960 1199 1035; x_wconf 82' lang='lat' dir='ltr'><strong>oeenetie</strong></span> <span class='ocrx_word' id='word_1_74' title='bbox 1228 957 1355 1038; x_wconf 81' lang='lat' dir='ltr'><strong>Viieen,</strong></span> <span class='ocrx_word' id='word_1_75' title='bbox 1416 1030 1420 1047; x_wconf 34' lang='grc' dir='ltr'>ι</span> 
     </span>
     <span class='ocr_line' id='line_1_9' title="bbox 115 1059 1352 1145; baseline 0.002 -22"><span class='ocrx_word' id='word_1_76' title='bbox 115 1061 150 1123; x_wconf 81' lang='grc' dir='ltr'><strong>ΙΙΙ</strong></span> <span class='ocrx_word' id='word_1_77' title='bbox 164 1063 313 1123; x_wconf 76' lang='lat' dir='ltr'><strong>Danaen</strong></span> <span class='ocrx_word' id='word_1_78' title='bbox 329 1060 467 1123; x_wconf 82' lang='lat' dir='ltr'><strong>Euboioo</strong></span> <span class='ocrx_word' id='word_1_79' title='bbox 485 1059 588 1123; x_wconf 83' lang='lat' dir='ltr'><strong>littore</strong></span> <span class='ocrx_word' id='word_1_80' title='bbox 609 1059 691 1122; x_wconf 82' lang='lat' dir='ltr'><strong>mille</strong></span> <span class='ocrx_word' id='word_1_81' title='bbox 712 1067 822 1138; x_wconf 67' lang='grc' dir='ltr'>ναίει,</span> <span class='ocrx_word' id='word_1_82' title='bbox 843 1061 888 1123; x_wconf 79' lang='lat' dir='ltr'><strong>lit</strong></span> <span class='ocrx_word' id='word_1_83' title='bbox 910 1063 963 1145; x_wconf 80' lang='grc' dir='ltr'>ραι·</span> <span class='ocrx_word' id='word_1_84' title='bbox 983 1063 1123 1124; x_wconf 82' lang='lat' dir='ltr'><strong>nuoeiotis</strong></span> <span class='ocrx_word' id='word_1_85' title='bbox 1146 1063 1206 1125; x_wconf 86' lang='lat' dir='ltr'><strong>duo</strong></span> <span class='ocrx_word' id='word_1_86' title='bbox 1228 1064 1352 1142; x_wconf 84' lang='lat' dir='ltr'><strong>littora,</strong></span> 
     </span>
     <span class='ocr_line' id='line_1_10' title="bbox 115 1162 1353 1244; baseline 0.001 -17"><span class='ocrx_word' id='word_1_87' title='bbox 115 1169 164 1227; x_wconf 80' lang='lat' dir='ltr'><strong>ete·</strong></span> <span class='ocrx_word' id='word_1_88' title='bbox 208 1164 425 1244; x_wconf 86' lang='lat' dir='ltr'><strong>Supploudunr:</strong></span> <span class='ocrx_word' id='word_1_89' title='bbox 455 1165 474 1225; x_wconf 89' lang='lat' dir='ltr'><strong>ii</strong></span> <span class='ocrx_word' id='word_1_90' title='bbox 498 1163 578 1225; x_wconf 86' lang='lat' dir='ltr'><strong>venti</strong></span> <span class='ocrx_word' id='word_1_91' title='bbox 601 1181 700 1225; x_wconf 78' lang='lat' dir='ltr'><strong>omres</strong></span> <span class='ocrx_word' id='word_1_92' title='bbox 727 1162 798 1226; x_wconf 88' lang='lat' dir='ltr'><strong>lieet</strong></span> <span class='ocrx_word' id='word_1_93' title='bbox 820 1168 962 1242; x_wconf 83' lang='lat' dir='ltr'><strong>urgeant,</strong></span> <span class='ocrx_word' id='word_1_94' title='bbox 986 1164 1113 1229; x_wconf 82' lang='lat' dir='ltr'><strong>turbent.</strong></span> <span class='ocrx_word' id='word_1_95' title='bbox 1157 1165 1248 1229; x_wconf 85' lang='lat' dir='ltr'><strong>Ouid.</strong></span> <span class='ocrx_word' id='word_1_96' title='bbox 1272 1166 1353 1231; x_wconf 81' lang='lat' dir='ltr'><strong>Fast.</strong></span> 
     </span>
     <span class='ocr_line' id='line_1_11' title="bbox 112 1265 988 1348; baseline -0.005 -18"><span class='ocrx_word' id='word_1_97' title='bbox 112 1266 132 1330; x_wconf 87' lang='lat' dir='ltr'><strong>l.</strong></span> <span class='ocrx_word' id='word_1_98' title='bbox 160 1273 237 1331; x_wconf 74' lang='grc'><strong>492.</strong></span> <span class='ocrx_word' id='word_1_99' title='bbox 260 1269 359 1348; x_wconf 89' lang='lat' dir='ltr'><strong>etqui</strong></span> <span class='ocrx_word' id='word_1_100' title='bbox 382 1272 449 1329; x_wconf 87' lang='lat' dir='ltr'><strong>suut</strong></span> <span class='ocrx_word' id='word_1_101' title='bbox 470 1266 519 1327; x_wconf 89' lang='lat' dir='ltr'><strong>alii</strong></span> <span class='ocrx_word' id='word_1_102' title='bbox 542 1265 610 1328; x_wconf 90' lang='lat' dir='ltr'><strong>loei.</strong></span> <span class='ocrx_word' id='word_1_103' title='bbox 986 1298 988 1303; x_wconf 68' lang='lat'><strong>,</strong></span> 
     </span>
     <span class='ocr_line' id='line_1_12' title="bbox 166 1369 1353 1455; baseline -0.001 -18"><span class='ocrx_word' id='word_1_104' title='bbox 166 1373 317 1455; x_wconf 80' lang='lat' dir='ltr'><strong>Pompam</strong></span> <span class='ocrx_word' id='word_1_105' title='bbox 344 1390 401 1433; x_wconf 91' lang='lat' dir='ltr'><strong>non</strong></span> <span class='ocrx_word' id='word_1_106' title='bbox 431 1389 485 1450; x_wconf 90' lang='lat' dir='ltr'><strong>pro</strong></span> <span class='ocrx_word' id='word_1_107' title='bbox 507 1369 702 1449; x_wconf 83' lang='lat' dir='ltr'><strong>multitudiue,</strong></span> <span class='ocrx_word' id='word_1_108' title='bbox 732 1387 863 1448; x_wconf 84' lang='lat' dir='ltr'><strong>numero,</strong></span> <span class='ocrx_word' id='word_1_109' title='bbox 891 1371 923 1434; x_wconf 92' lang='lat' dir='ltr'><strong>iu</strong></span> <span class='ocrx_word' id='word_1_110' title='bbox 944 1371 1126 1451; x_wconf 85' lang='lat' dir='ltr'><strong>uuiversum,</strong></span> <span class='ocrx_word' id='word_1_111' title='bbox 1154 1372 1207 1452; x_wconf 88' lang='lat' dir='ltr'><strong>sed</strong></span> <span class='ocrx_word' id='word_1_112' title='bbox 1235 1373 1353 1454; x_wconf 84' lang='lat' dir='ltr'><strong>proprie</strong></span> 
     </span>
     <span class='ocr_line' id='line_1_13' title="bbox 109 1472 1351 1558; baseline -0.002 -17"><span class='ocrx_word' id='word_1_113' title='bbox 109 1479 227 1557; x_wconf 83' lang='lat' dir='ltr'><strong>aoeipio.</strong></span> <span class='ocrx_word' id='word_1_114' title='bbox 274 1475 458 1541; x_wconf 81' lang='lat' dir='ltr'><strong>Obversatur</strong></span> <span class='ocrx_word' id='word_1_115' title='bbox 476 1472 581 1537; x_wconf 86' lang='lat' dir='ltr'><strong>Catoni</strong></span> <span class='ocrx_word' id='word_1_116' title='bbox 600 1492 712 1558; x_wconf 82' lang='lat' dir='ltr'><strong>pompe</strong></span> <span class='ocrx_word' id='word_1_117' title='bbox 735 1475 871 1550; x_wconf 79' lang='lat' dir='ltr'><strong>deornm,</strong></span> <span class='ocrx_word' id='word_1_118' title='bbox 895 1474 989 1556; x_wconf 75' lang='lat' dir='ltr'><strong>qualis</strong></span> <span class='ocrx_word' id='word_1_119' title='bbox 1006 1474 1117 1538; x_wconf 81' lang='lat' dir='ltr'><strong>Rornae</strong></span> <span class='ocrx_word' id='word_1_120' title='bbox 1138 1479 1223 1540; x_wconf 89' lang='lat' dir='ltr'><strong>festis</strong></span> <span class='ocrx_word' id='word_1_121' title='bbox 1247 1477 1351 1540; x_wconf 85' lang='lat' dir='ltr'><strong>diebus</strong></span> 
     </span>
     <span class='ocr_line' id='line_1_14' title="bbox 110 1576 1352 1661; baseline 0 -17"><span class='ocrx_word' id='word_1_122' title='bbox 110 1581 267 1644; x_wconf 83' lang='lat' dir='ltr'><strong>dueebatur</strong></span> <span class='ocrx_word' id='word_1_123' title='bbox 290 1578 541 1659; x_wconf 79' lang='lat' dir='ltr'><strong>splendidissima,</strong></span> <span class='ocrx_word' id='word_1_124' title='bbox 573 1595 629 1659; x_wconf 85' lang='lat' dir='ltr'><strong>qua</strong></span> <span class='ocrx_word' id='word_1_125' title='bbox 650 1576 806 1661; x_wconf 71' lang='lat' dir='ltr'><strong>occasione</strong></span> <span class='ocrx_word' id='word_1_126' title='bbox 827 1577 909 1641; x_wconf 86' lang='lat' dir='ltr'><strong>varia</strong></span> <span class='ocrx_word' id='word_1_127' title='bbox 931 1579 1048 1643; x_wconf 89' lang='lat' dir='ltr'><strong>deoruur</strong></span> <span class='ocrx_word' id='word_1_128' title='bbox 1069 1581 1197 1658; x_wconf 84' lang='lat' dir='ltr'><strong>iusignia</strong></span> <span class='ocrx_word' id='word_1_129' title='bbox 1224 1582 1352 1655; x_wconf 77' lang='lat' dir='ltr'><strong>dissere,</strong></span> 
     </span>
    </p>
   </div>
   <div class='ocr_carea' id='block_1_3' title="bbox 104 1681 1353 2183">
    <p class='ocr_par' dir='ltr' id='par_1_3' title="bbox 104 1681 1353 2183">
     <span class='ocr_line' id='line_1_15' title="bbox 110 1681 1352 1764; baseline -0.001 -17"><span class='ocrx_word' id='word_1_130' title='bbox 110 1692 134 1747; x_wconf 93' lang='lat' dir='ltr'><strong>et</strong></span> <span class='ocrx_word' id='word_1_131' title='bbox 163 1702 320 1760; x_wconf 75' lang='lat' dir='ltr'><strong>aurorum,</strong></span> <span class='ocrx_word' id='word_1_132' title='bbox 341 1701 414 1764; x_wconf 88' lang='lat' dir='ltr'><strong>quos</strong></span> <span class='ocrx_word' id='word_1_133' title='bbox 444 1681 483 1743; x_wconf 93' lang='lat' dir='ltr'><strong>illl</strong></span> <span class='ocrx_word' id='word_1_134' title='bbox 519 1681 689 1742; x_wconf 78' lang='lat' dir='ltr'><strong>exercuisse</strong></span> <span class='ocrx_word' id='word_1_135' title='bbox 719 1681 905 1760; x_wconf 87' lang='lat' dir='ltr'><strong>ferebantur,</strong></span> <span class='ocrx_word' id='word_1_136' title='bbox 944 1684 1132 1762; x_wconf 86' lang='lat' dir='ltr'><strong>monimenta,</strong></span> <span class='ocrx_word' id='word_1_137' title='bbox 1165 1684 1250 1746; x_wconf 84' lang='lat' dir='ltr'><strong>faeile</strong></span> <span class='ocrx_word' id='word_1_138' title='bbox 1279 1692 1352 1749; x_wconf 82' lang='lat' dir='ltr'><strong>erat.</strong></span> 
     </span>
     <span class='ocr_line' id='line_1_16' title="bbox 107 1768 1353 1872; baseline 0.002 -22"><span class='ocrx_word' id='word_1_139' title='bbox 107 1789 172 1853; x_wconf 88' lang='lat' dir='ltr'><strong>Noti</strong></span> <span class='ocrx_word' id='word_1_140' title='bbox 196 1793 265 1849; x_wconf 88' lang='lat' dir='ltr'><strong>suut</strong></span> <span class='ocrx_word' id='word_1_141' title='bbox 287 1783 386 1849; x_wconf 84' lang='lat' dir='ltr'><strong>iiuidii</strong></span> <span class='ocrx_word' id='word_1_142' title='bbox 408 1783 482 1858; x_wconf 84' lang='lat' dir='ltr'><strong>loti,</strong></span> <span class='ocrx_word' id='word_1_143' title='bbox 506 1785 606 1846; x_wconf 80' lang='grc' dir='ltr'>Αιιοι.</span> <span class='ocrx_word' id='word_1_144' title='bbox 630 1782 685 1845; x_wconf 87' lang='grc' dir='ltr'><strong>ΙΙΙ.</strong></span> <span class='ocrx_word' id='word_1_145' title='bbox 709 1807 742 1845; x_wconf 87' lang='grc' dir='ltr'><strong>ιι.</strong></span> <span class='ocrx_word' id='word_1_146' title='bbox 766 1790 818 1848; x_wconf 77' lang='grc'><strong>43.</strong></span> <span class='ocrx_word' id='word_1_147' title='bbox 842 1768 940 1869; x_wconf 58' lang='lat' dir='ltr'><strong>seqq,</strong></span> <span class='ocrx_word' id='word_1_148' title='bbox 968 1787 1034 1851; x_wconf 87' lang='lat' dir='ltr'><strong>Sed</strong></span> <span class='ocrx_word' id='word_1_149' title='bbox 1054 1792 1116 1851; x_wconf 87' lang='lat' dir='ltr'><strong>inm</strong></span> <span class='ocrx_word' id='word_1_150' title='bbox 1135 1809 1247 1872; x_wconf 77' lang='lat' dir='ltr'><strong>ponrpa</strong></span> <span class='ocrx_word' id='word_1_151' title='bbox 1268 1793 1353 1852; x_wconf 89' lang='lat' dir='ltr'><strong>uenit</strong></span> 
     </span>
     <span class='ocr_line' id='line_1_17' title="bbox 107 1888 1351 1975; baseline -0.001 -20"><span class='ocrx_word' id='word_1_152' title='bbox 107 1899 158 1955; x_wconf 87' lang='lat' dir='ltr'><strong>eto.</strong></span> <span class='ocrx_word' id='word_1_153' title='bbox 192 1893 240 1954; x_wconf 90' lang='lat' dir='ltr'><strong>ubi</strong></span> <span class='ocrx_word' id='word_1_154' title='bbox 267 1910 466 1975; x_wconf 81' lang='lat' dir='ltr'><strong>puerpernpue</strong></span> <span class='ocrx_word' id='word_1_155' title='bbox 493 1889 613 1952; x_wconf 81' lang='lat' dir='ltr'><strong>eteorum</strong></span> <span class='ocrx_word' id='word_1_156' title='bbox 635 1892 682 1950; x_wconf 86' lang='lat' dir='ltr'><strong>est</strong></span> <span class='ocrx_word' id='word_1_157' title='bbox 706 1909 736 1950; x_wconf 86' lang='lat' dir='ltr'><strong>v.</strong></span> <span class='ocrx_word' id='word_1_158' title='bbox 761 1895 812 1950; x_wconf 84' lang='grc'><strong>61.</strong></span> <span class='ocrx_word' id='word_1_159' title='bbox 844 1893 875 1951; x_wconf 95' lang='lat' dir='ltr'><strong>ut</strong></span> <span class='ocrx_word' id='word_1_160' title='bbox 900 1910 1012 1974; x_wconf 81' lang='lat' dir='ltr'><strong>pompe</strong></span> <span class='ocrx_word' id='word_1_161' title='bbox 1039 1893 1126 1955; x_wconf 84' lang='lat' dir='ltr'><strong>deuna</strong></span> <span class='ocrx_word' id='word_1_162' title='bbox 1153 1893 1227 1972; x_wconf 84' lang='lat' dir='ltr'><strong>apud</strong></span> <span class='ocrx_word' id='word_1_163' title='bbox 1257 1888 1351 1971; x_wconf 81' lang='lat' dir='ltr'><strong>Cato-</strong></span> 
     </span>
     <span class='ocr_line' id='line_1_18' title="bbox 106 1989 1350 2073; baseline 0 -14"><span class='ocrx_word' id='word_1_164' title='bbox 106 2014 176 2058; x_wconf 80' lang='lat' dir='ltr'><strong>nem.</strong></span> <span class='ocrx_word' id='word_1_165' title='bbox 222 1996 270 2059; x_wconf 89' lang='lat' dir='ltr'><strong>De</strong></span> <span class='ocrx_word' id='word_1_166' title='bbox 302 1995 401 2056; x_wconf 77' lang='lat' dir='ltr'><strong>eadent</strong></span> <span class='ocrx_word' id='word_1_167' title='bbox 422 1994 538 2055; x_wconf 87' lang='lat' dir='ltr'><strong>deorum</strong></span> <span class='ocrx_word' id='word_1_168' title='bbox 561 1989 751 2072; x_wconf 72' lang='lat' dir='ltr'><strong>per&#39;Oireum</strong></span> <span class='ocrx_word' id='word_1_169' title='bbox 773 2012 878 2073; x_wconf 85' lang='lat' dir='ltr'><strong>pompa</strong></span> <span class='ocrx_word' id='word_1_170' title='bbox 899 1995 967 2059; x_wconf 76' lang='lat' dir='ltr'><strong>Art.</strong></span> <span class='ocrx_word' id='word_1_171' title='bbox 995 2014 1050 2056; x_wconf 87' lang='lat' dir='ltr'><strong>aur.</strong></span> <span class='ocrx_word' id='word_1_172' title='bbox 1073 1995 1098 2056; x_wconf 88' lang='lat'><strong>1.</strong></span> <span class='ocrx_word' id='word_1_173' title='bbox 1123 1998 1196 2058; x_wconf 75' lang='lat' dir='ltr'><strong>lii.</strong></span> <span class='ocrx_word' id='word_1_174' title='bbox 1218 1997 1263 2058; x_wconf 84' lang='lat' dir='ltr'><strong>At</strong></span> <span class='ocrx_word' id='word_1_175' title='bbox 1284 2016 1350 2059; x_wconf 83' lang='lat' dir='ltr'><strong>eum</strong></span> 
     </span>
     <span class='ocr_line' id='line_1_19' title="bbox 104 2095 1348 2183; baseline 0.002 -23"><span class='ocrx_word' id='word_1_176' title='bbox 104 2119 214 2182; x_wconf 78' lang='lat' dir='ltr'><strong>pompe</strong></span> <span class='ocrx_word' id='word_1_177' title='bbox 237 2099 384 2183; x_wconf 78' lang='lat' dir='ltr'><strong>frequens</strong></span> <span class='ocrx_word' id='word_1_178' title='bbox 407 2097 591 2161; x_wconf 80' lang='lat' dir='ltr'><strong>coelestibus</strong></span> <span class='ocrx_word' id='word_1_179' title='bbox 619 2096 675 2159; x_wconf 82' lang='lat' dir='ltr'><strong>ibit</strong></span> <span class='ocrx_word' id='word_1_180' title='bbox 701 2095 835 2158; x_wconf 79' lang='lat' dir='ltr'><strong>eburnis.</strong></span> <span class='ocrx_word' id='word_1_181' title='bbox 860 2097 887 2158; x_wconf 93' lang='grc' dir='ltr'>ιΙ</span> <span class='ocrx_word' id='word_1_182' title='bbox 910 2115 946 2160; x_wconf 88' lang='lat' dir='ltr'><strong>ea</strong></span> <span class='ocrx_word' id='word_1_183' title='bbox 966 2098 1008 2159; x_wconf 93' lang='lat' dir='ltr'><strong>ibi</strong></span> <span class='ocrx_word' id='word_1_184' title='bbox 1032 2117 1103 2160; x_wconf 80' lang='lat' dir='ltr'><strong>vera</strong></span> <span class='ocrx_word' id='word_1_185' title='bbox 1124 2100 1269 2178; x_wconf 89' lang='lat' dir='ltr'><strong>seriptura</strong></span> <span class='ocrx_word' id='word_1_186' title='bbox 1291 2105 1348 2163; x_wconf 85' lang='lat' dir='ltr'><strong>est</strong></span> 
     </span>
    </p>
   </div>
   <div class='ocr_carea' id='block_1_4' title="bbox 97 2199 1374 4658">
    <p class='ocr_par' dir='ltr' id='par_1_4' title="bbox 97 2199 1374 4658">
     <span class='ocr_line' id='line_1_20' title="bbox 107 2199 1349 2288; baseline 0.001 -21"><span class='ocrx_word' id='word_1_187' title='bbox 107 2204 219 2267; x_wconf 82' lang='lat' dir='ltr'><strong>liursus</strong></span> <span class='ocrx_word' id='word_1_188' title='bbox 250 2203 324 2263; x_wconf 88' lang='lat' dir='ltr'><strong>idern</strong></span> <span class='ocrx_word' id='word_1_189' title='bbox 355 2201 435 2263; x_wconf 72' lang='lat' dir='ltr'><strong>fast.</strong></span> <span class='ocrx_word' id='word_1_190' title='bbox 463 2199 516 2261; x_wconf 91' lang='lat' dir='ltr'><strong>lV.</strong></span> <span class='ocrx_word' id='word_1_191' title='bbox 540 2204 614 2262; x_wconf 80' lang='lat' dir='ltr'><strong>nor.</strong></span> <span class='ocrx_word' id='word_1_192' title='bbox 661 2199 774 2262; x_wconf 82' lang='lat' dir='ltr'><strong>Oireua</strong></span> <span class='ocrx_word' id='word_1_193' title='bbox 803 2203 862 2263; x_wconf 86' lang='lat' dir='ltr'><strong>erit</strong></span> <span class='ocrx_word' id='word_1_194' title='bbox 884 2219 988 2281; x_wconf 85' lang='lat' dir='ltr'><strong>pompa</strong></span> <span class='ocrx_word' id='word_1_195' title='bbox 1009 2202 1140 2277; x_wconf 84' lang='lat' dir='ltr'><strong>erleber,</strong></span> <span class='ocrx_word' id='word_1_196' title='bbox 1169 2223 1349 2288; x_wconf 71' lang='lat' dir='ltr'><em>numeroque</em></span> 
     </span>
     <span class='ocr_line' id='line_1_21' title="bbox 106 2302 1349 2386; baseline -0.004 -17"><span class='ocrx_word' id='word_1_197' title='bbox 106 2308 241 2381; x_wconf 56' lang='lat' dir='ltr'><strong>deorum,</strong></span> <span class='ocrx_word' id='word_1_198' title='bbox 283 2307 321 2367; x_wconf 82' lang='lat' dir='ltr'><strong>lit</strong></span> <span class='ocrx_word' id='word_1_199' title='bbox 353 2304 399 2366; x_wconf 90' lang='lat' dir='ltr'><strong>bis</strong></span> <span class='ocrx_word' id='word_1_200' title='bbox 436 2304 547 2386; x_wconf 87' lang='lat' dir='ltr'><strong>quidem</strong></span> <span class='ocrx_word' id='word_1_201' title='bbox 575 2305 603 2365; x_wconf 91' lang='lat' dir='ltr'><strong>in</strong></span> <span class='ocrx_word' id='word_1_202' title='bbox 638 2303 714 2365; x_wconf 87' lang='lat' dir='ltr'><strong>loeis</strong></span> <span class='ocrx_word' id='word_1_203' title='bbox 748 2303 824 2365; x_wconf 85' lang='lat' dir='ltr'><strong>nulla</strong></span> <span class='ocrx_word' id='word_1_204' title='bbox 855 2304 886 2367; x_wconf 86' lang='lat' dir='ltr'><strong>lit</strong></span> <span class='ocrx_word' id='word_1_205' title='bbox 917 2305 1073 2383; x_wconf 84' lang='lat' dir='ltr'><strong>insignium</strong></span> <span class='ocrx_word' id='word_1_206' title='bbox 1106 2309 1138 2367; x_wconf 90' lang='lat' dir='ltr'><strong>et</strong></span> <span class='ocrx_word' id='word_1_207' title='bbox 1173 2302 1349 2380; x_wconf 75' lang='grc' dir='ltr'>συμβόλων</span> 
     </span>
     <span class='ocr_line' id='line_1_22' title="bbox 106 2405 1349 2490; baseline 0 -18"><span class='ocrx_word' id='word_1_208' title='bbox 106 2412 218 2473; x_wconf 85' lang='lat' dir='ltr'><strong>nortio.</strong></span> <span class='ocrx_word' id='word_1_209' title='bbox 270 2409 332 2473; x_wconf 84' lang='lat' dir='ltr'><strong>Sed</strong></span> <span class='ocrx_word' id='word_1_210' title='bbox 362 2428 397 2471; x_wconf 90' lang='lat' dir='ltr'><strong>ea</strong></span> <span class='ocrx_word' id='word_1_211' title='bbox 423 2405 521 2469; x_wconf 83' lang='lat' dir='ltr'><strong>addita</strong></span> <span class='ocrx_word' id='word_1_212' title='bbox 544 2412 600 2469; x_wconf 86' lang='lat' dir='ltr'><strong>turn</strong></span> <span class='ocrx_word' id='word_1_213' title='bbox 629 2407 721 2468; x_wconf 82' lang='lat' dir='ltr'><strong>fuisse</strong></span> <span class='ocrx_word' id='word_1_214' title='bbox 743 2405 919 2484; x_wconf 84' lang='lat' dir='ltr'><strong>imaginibus</strong></span> <span class='ocrx_word' id='word_1_215' title='bbox 948 2409 1081 2485; x_wconf 88' lang='lat' dir='ltr'><strong>deorum,</strong></span> <span class='ocrx_word' id='word_1_216' title='bbox 1109 2411 1211 2488; x_wconf 86' lang='lat' dir='ltr'><strong>partim</strong></span> <span class='ocrx_word' id='word_1_217' title='bbox 1240 2428 1294 2490; x_wconf 92' lang='lat' dir='ltr'><strong>per</strong></span> <span class='ocrx_word' id='word_1_218' title='bbox 1315 2430 1349 2472; x_wconf 89' lang='lat' dir='ltr'><strong>se</strong></span> 
     </span>
     <span class='ocr_line' id='line_1_23' title="bbox 106 2509 1347 2592; baseline 0.002 -19"><span class='ocrx_word' id='word_1_219' title='bbox 106 2512 259 2592; x_wconf 83' lang='lat' dir='ltr'><strong>probabile</strong></span> <span class='ocrx_word' id='word_1_220' title='bbox 289 2517 352 2588; x_wconf 87' lang='lat' dir='ltr'><strong>est,</strong></span> <span class='ocrx_word' id='word_1_221' title='bbox 381 2512 484 2590; x_wconf 88' lang='lat' dir='ltr'><strong>partim</strong></span> <span class='ocrx_word' id='word_1_222' title='bbox 512 2530 551 2573; x_wconf 84' lang='lat' dir='ltr'><strong>ex</strong></span> <span class='ocrx_word' id='word_1_223' title='bbox 579 2509 645 2571; x_wconf 86' lang='lat' dir='ltr'><strong>aliis</strong></span> <span class='ocrx_word' id='word_1_224' title='bbox 666 2510 783 2571; x_wconf 87' lang='lat' dir='ltr'><strong>aliaruru</strong></span> <span class='ocrx_word' id='word_1_225' title='bbox 806 2529 969 2590; x_wconf 75' lang='lat' dir='ltr'><strong>pomparum</strong></span> <span class='ocrx_word' id='word_1_226' title='bbox 992 2511 1238 2591; x_wconf 78' lang='lat' dir='ltr'><strong>descriptionibus</strong></span> <span class='ocrx_word' id='word_1_227' title='bbox 1262 2514 1347 2576; x_wconf 89' lang='lat' dir='ltr'><strong>eolli-</strong></span> 
     </span>
     <span class='ocr_line' id='line_1_24' title="bbox 105 2613 1349 2697; baseline 0.002 -18"><span class='ocrx_word' id='word_1_228' title='bbox 105 2619 199 2694; x_wconf 86' lang='lat' dir='ltr'><strong>gitur,</strong></span> <span class='ocrx_word' id='word_1_229' title='bbox 232 2623 263 2678; x_wconf 91' lang='lat' dir='ltr'><strong>ut</strong></span> <span class='ocrx_word' id='word_1_230' title='bbox 292 2615 386 2693; x_wconf 85' lang='lat' dir='ltr'><strong>illius,</strong></span> <span class='ocrx_word' id='word_1_231' title='bbox 416 2616 453 2677; x_wconf 89' lang='lat' dir='ltr'><strong>de</strong></span> <span class='ocrx_word' id='word_1_232' title='bbox 481 2635 537 2697; x_wconf 85' lang='lat' dir='ltr'><strong>qua</strong></span> <span class='ocrx_word' id='word_1_233' title='bbox 559 2615 722 2692; x_wconf 83' lang='lat' dir='ltr'><strong>Dionysius</strong></span> <span class='ocrx_word' id='word_1_234' title='bbox 746 2613 842 2676; x_wconf 79' lang='lat' dir='ltr'><strong>Halio.</strong></span> <span class='ocrx_word' id='word_1_235' title='bbox 871 2615 924 2676; x_wconf 87' lang='grc' dir='ltr'><strong>ΙΙΙι.</strong></span> <span class='ocrx_word' id='word_1_236' title='bbox 947 2614 1015 2677; x_wconf 86' lang='lat' dir='ltr'><strong>Vll.</strong></span> <span class='ocrx_word' id='word_1_237' title='bbox 1039 2620 1164 2678; x_wconf 87' lang='lat' dir='ltr'><strong>exeunte</strong></span> <span class='ocrx_word' id='word_1_238' title='bbox 1192 2620 1281 2681; x_wconf 77' lang='lat' dir='ltr'><strong>refert</strong></span> <span class='ocrx_word' id='word_1_239' title='bbox 1309 2639 1349 2682; x_wconf 82' lang='lat' dir='ltr'><strong>ex</strong></span> 
     </span>
     <span class='ocr_line' id='line_1_25' title="bbox 106 2716 1345 2804; baseline 0 -20"><span class='ocrx_word' id='word_1_240' title='bbox 106 2721 136 2804; x_wconf 77' lang='lat' dir='ltr'><strong>ll.</strong></span> <span class='ocrx_word' id='word_1_241' title='bbox 167 2723 274 2784; x_wconf 82' lang='lat' dir='ltr'><strong>Fabio:</strong></span> <span class='ocrx_word' id='word_1_242' title='bbox 305 2723 332 2780; x_wconf 90' lang='lat' dir='ltr'><strong>iu</strong></span> <span class='ocrx_word' id='word_1_243' title='bbox 362 2739 418 2801; x_wconf 87' lang='lat' dir='ltr'><strong>qua</strong></span> <span class='ocrx_word' id='word_1_244' title='bbox 453 2719 648 2797; x_wconf 82' lang='lat' dir='ltr'><strong>descriptione</strong></span> <span class='ocrx_word' id='word_1_245' title='bbox 676 2716 749 2779; x_wconf 88' lang='lat' dir='ltr'><strong>bueo</strong></span> <span class='ocrx_word' id='word_1_246' title='bbox 778 2717 916 2796; x_wconf 90' lang='lat' dir='ltr'><strong>leguntur</strong></span> <span class='ocrx_word' id='word_1_247' title='bbox 944 2739 976 2798; x_wconf 88' lang='lat' dir='ltr'><strong>p.</strong></span> <span class='ocrx_word' id='word_1_248' title='bbox 1008 2724 1101 2783; x_wconf 77' lang='lat'><strong>1493.</strong></span> <span class='ocrx_word' id='word_1_249' title='bbox 1131 2720 1202 2786; x_wconf 81' lang='lat' dir='ltr'><strong>Vol.</strong></span> <span class='ocrx_word' id='word_1_250' title='bbox 1231 2721 1285 2784; x_wconf 89' lang='grc' dir='ltr'><strong>ΙΙΙ.</strong></span> <span class='ocrx_word' id='word_1_251' title='bbox 1308 2724 1345 2785; x_wconf 87' lang='lat' dir='ltr'><strong>R.</strong></span> 
     </span>
     <span class='ocr_line' id='line_1_26' title="bbox 106 2813 1348 2899; baseline 0 -17"><span class='ocrx_word' id='word_1_252' title='bbox 106 2829 287 2884; x_wconf 77' lang='grc' dir='ltr'>τελευταῖαι</span> <span class='ocrx_word' id='word_1_253' title='bbox 318 2820 352 2881; x_wconf 82' lang='lat' dir='ltr'><strong>ut</strong></span> <span class='ocrx_word' id='word_1_254' title='bbox 381 2818 512 2888; x_wconf 75' lang='grc' dir='ltr'>πάντων,</span> <span class='ocrx_word' id='word_1_255' title='bbox 539 2816 572 2880; x_wconf 88' lang='grc' dir='ltr'><strong>αὶ</strong></span> <span class='ocrx_word' id='word_1_256' title='bbox 597 2820 662 2879; x_wconf 78' lang='grc' dir='ltr'><strong>τῶν</strong></span> <span class='ocrx_word' id='word_1_257' title='bbox 684 2818 774 2879; x_wconf 72' lang='grc' dir='ltr'>θεοῖν</span> <span class='ocrx_word' id='word_1_258' title='bbox 798 2817 922 2898; x_wconf 82' lang='grc' dir='ltr'>εἰκόνες</span> <span class='ocrx_word' id='word_1_259' title='bbox 952 2818 1145 2897; x_wconf 78' lang='grc' dir='ltr'>ἐπόμπευον,</span> <span class='ocrx_word' id='word_1_260' title='bbox 1170 2813 1273 2899; x_wconf 79' lang='grc' dir='ltr'>ὤμοις</span> <span class='ocrx_word' id='word_1_261' title='bbox 1294 2821 1348 2884; x_wconf 74' lang='grc' dir='ltr'><strong>ὑπ’</strong></span> 
     </span>
     <span class='ocr_line' id='line_1_27' title="bbox 107 2919 1346 3010; baseline 0 -23"><span class='ocrx_word' id='word_1_262' title='bbox 107 2924 232 3004; x_wconf 73' lang='grc' dir='ltr'>ἀνδρῶν</span> <span class='ocrx_word' id='word_1_263' title='bbox 248 2924 446 3006; x_wconf 80' lang='grc' dir='ltr'>φερόμεναι,</span> <span class='ocrx_word' id='word_1_264' title='bbox 471 2921 605 3003; x_wconf 81' lang='grc' dir='ltr'>μορφάς</span> <span class='ocrx_word' id='word_1_265' title='bbox 623 2943 658 2982; x_wconf 81' lang='lat' dir='ltr'><strong>ee</strong></span> <span class='ocrx_word' id='word_1_266' title='bbox 671 2921 786 3000; x_wconf 72' lang='grc' dir='ltr'>ὁμοίας</span> <span class='ocrx_word' id='word_1_267' title='bbox 806 2922 1015 3005; x_wconf 76' lang='grc' dir='ltr'>παρέχουσαι</span> <span class='ocrx_word' id='word_1_268' title='bbox 1038 2930 1110 2997; x_wconf 82' lang='grc' dir='ltr'><strong>τοῖς</strong></span> <span class='ocrx_word' id='word_1_269' title='bbox 1131 2924 1199 3007; x_wconf 84' lang='grc' dir='ltr'>παρ’</span> <span class='ocrx_word' id='word_1_270' title='bbox 1212 2919 1346 3010; x_wconf 84' lang='grc' dir='ltr'>Ἕλλησι</span> 
     </span>
     <span class='ocr_line' id='line_1_28' title="bbox 106 3017 1348 3111; baseline 0.006 -24"><span class='ocrx_word' id='word_1_271' title='bbox 106 3033 356 3107; x_wconf 79' lang='grc' dir='ltr'>πλαττομέναις,</span> <span class='ocrx_word' id='word_1_272' title='bbox 388 3027 445 3088; x_wconf 81' lang='grc' dir='ltr'><em>καί</em></span> <span class='ocrx_word' id='word_1_273' title='bbox 470 3023 591 3097; x_wconf 72' lang='grc' dir='ltr'>σκευὰς</span> <span class='ocrx_word' id='word_1_274' title='bbox 620 3025 678 3086; x_wconf 80' lang='grc' dir='ltr'><strong><em>καί</em></strong></span> <span class='ocrx_word' id='word_1_275' title='bbox 702 3024 869 3106; x_wconf 76' lang='grc' dir='ltr'><strong>σύμβολα,</strong></span> <span class='ocrx_word' id='word_1_276' title='bbox 899 3026 958 3089; x_wconf 82' lang='grc' dir='ltr'><strong><em>καί</em></strong></span> <span class='ocrx_word' id='word_1_277' title='bbox 978 3025 1121 3105; x_wconf 79' lang='grc' dir='ltr'>δωρεάς,</span> <span class='ocrx_word' id='word_1_278' title='bbox 1145 3017 1348 3111; x_wconf 76' lang='lat' dir='ltr'><strong>desiperet</strong></span> 
     </span>
     <span class='ocr_line' id='line_1_29' title="bbox 107 3130 1346 3215; baseline 0.006 -22"><span class='ocrx_word' id='word_1_279' title='bbox 107 3135 156 3196; x_wconf 83' lang='grc' dir='ltr'><em>καί</em></span> <span class='ocrx_word' id='word_1_280' title='bbox 172 3135 308 3215; x_wconf 77' lang='grc' dir='ltr'><strong>δοτῆρες</strong></span> <span class='ocrx_word' id='word_1_281' title='bbox 326 3130 516 3211; x_wconf 71' lang='grc' dir='ltr'>ἀνθρώποις</span> <span class='ocrx_word' id='word_1_282' title='bbox 534 3131 668 3191; x_wconf 76' lang='grc' dir='ltr'>ἕκαστοι</span> <span class='ocrx_word' id='word_1_283' title='bbox 685 3130 934 3212; x_wconf 78' lang='grc' dir='ltr'>παραδίδονται.</span> <span class='ocrx_word' id='word_1_284' title='bbox 971 3135 1082 3213; x_wconf 81' lang='lat' dir='ltr'><strong>Addit,</strong></span> <span class='ocrx_word' id='word_1_285' title='bbox 1099 3154 1156 3197; x_wconf 86' lang='lat' dir='ltr'><strong>non</strong></span> <span class='ocrx_word' id='word_1_286' title='bbox 1167 3135 1259 3199; x_wconf 82' lang='lat' dir='ltr'><strong>solutu</strong></span> <span class='ocrx_word' id='word_1_287' title='bbox 1275 3138 1346 3202; x_wconf 80' lang='lat' dir='ltr'><strong>itto-</strong></span> 
     </span>
     <span class='ocr_line' id='line_1_30' title="bbox 107 3239 1342 3323; baseline 0.002 -22"><span class='ocrx_word' id='word_1_288' title='bbox 107 3258 160 3302; x_wconf 87' lang='lat' dir='ltr'><strong>ruur</strong></span> <span class='ocrx_word' id='word_1_289' title='bbox 182 3241 331 3305; x_wconf 85' lang='lat' dir='ltr'><strong>duodeeirn</strong></span> <span class='ocrx_word' id='word_1_290' title='bbox 353 3240 392 3301; x_wconf 89' lang='lat' dir='ltr'><strong>ibi</strong></span> <span class='ocrx_word' id='word_1_291' title='bbox 416 3241 558 3317; x_wconf 79' lang='lat' dir='ltr'><strong>imagines</strong></span> <span class='ocrx_word' id='word_1_292' title='bbox 580 3239 725 3315; x_wconf 73' lang='lat' dir='ltr'><strong>adfuisse,</strong></span> <span class='ocrx_word' id='word_1_293' title='bbox 748 3239 801 3300; x_wconf 84' lang='lat' dir='ltr'><strong>sed</strong></span> <span class='ocrx_word' id='word_1_294' title='bbox 825 3240 909 3300; x_wconf 86' lang='lat' dir='ltr'><strong>otiaur</strong></span> <span class='ocrx_word' id='word_1_295' title='bbox 932 3256 1045 3315; x_wconf 89' lang='lat' dir='ltr'><strong>eoruru,</strong></span> <span class='ocrx_word' id='word_1_296' title='bbox 1068 3241 1116 3319; x_wconf 84' lang='lat' dir='ltr'><strong>qui</strong></span> <span class='ocrx_word' id='word_1_297' title='bbox 1137 3239 1197 3300; x_wconf 88' lang='lat' dir='ltr'><strong>illis</strong></span> <span class='ocrx_word' id='word_1_298' title='bbox 1215 3242 1342 3323; x_wconf 82' lang='lat' dir='ltr'><strong>antiqui-</strong></span> 
     </span>
     <span class='ocr_line' id='line_1_31' title="bbox 107 3340 1342 3423; baseline 0.002 -20"><span class='ocrx_word' id='word_1_299' title='bbox 107 3362 184 3422; x_wconf 81' lang='lat' dir='ltr'><strong>ores,</strong></span> <span class='ocrx_word' id='word_1_300' title='bbox 216 3351 246 3407; x_wconf 90' lang='lat' dir='ltr'><strong>et</strong></span> <span class='ocrx_word' id='word_1_301' title='bbox 273 3346 478 3423; x_wconf 83' lang='lat' dir='ltr'><strong>posteriorum,</strong></span> <span class='ocrx_word' id='word_1_302' title='bbox 508 3347 539 3403; x_wconf 89' lang='lat' dir='ltr'><strong>ut</strong></span> <span class='ocrx_word' id='word_1_303' title='bbox 560 3340 686 3417; x_wconf 86' lang='lat' dir='ltr'><strong>Beeebi,</strong></span> <span class='ocrx_word' id='word_1_304' title='bbox 716 3346 746 3404; x_wconf 94' lang='lat' dir='ltr'><strong>et</strong></span> <span class='ocrx_word' id='word_1_305' title='bbox 767 3342 972 3418; x_wconf 85' lang='lat' dir='ltr'><strong>semideoruur,</strong></span> <span class='ocrx_word' id='word_1_306' title='bbox 1001 3347 1032 3402; x_wconf 91' lang='lat' dir='ltr'><strong>ut</strong></span> <span class='ocrx_word' id='word_1_307' title='bbox 1054 3340 1206 3417; x_wconf 86' lang='lat' dir='ltr'><strong>Heruulls,</strong></span> <span class='ocrx_word' id='word_1_308' title='bbox 1234 3343 1342 3423; x_wconf 88' lang='lat' dir='ltr'><strong>Panis,</strong></span> 
     </span>
     <span class='ocr_line' id='line_1_32' title="bbox 106 3443 1337 3530; baseline 0.002 -23"><span class='ocrx_word' id='word_1_309' title='bbox 106 3449 139 3508; x_wconf 89' lang='grc' dir='ltr'><strong>ιΙ.</strong></span> <span class='ocrx_word' id='word_1_310' title='bbox 181 3449 273 3530; x_wconf 77' lang='lat' dir='ltr'><strong>Quoue</strong></span> <span class='ocrx_word' id='word_1_311' title='bbox 300 3451 434 3508; x_wconf 82' lang='lat' dir='ltr'><strong>accurate</strong></span> <span class='ocrx_word' id='word_1_312' title='bbox 456 3452 551 3512; x_wconf 83' lang='lat' dir='ltr'><strong>autera</strong></span> <span class='ocrx_word' id='word_1_313' title='bbox 577 3449 737 3509; x_wconf 85' lang='lat' dir='ltr'><strong>exornatae</strong></span> <span class='ocrx_word' id='word_1_314' title='bbox 759 3443 894 3523; x_wconf 79' lang='lat' dir='ltr'><strong>singulae</strong></span> <span class='ocrx_word' id='word_1_315' title='bbox 915 3444 1030 3506; x_wconf 82' lang='lat' dir='ltr'><strong>deorum</strong></span> <span class='ocrx_word' id='word_1_316' title='bbox 1053 3444 1193 3520; x_wconf 75' lang='lat' dir='ltr'><strong>imagines</strong></span> <span class='ocrx_word' id='word_1_317' title='bbox 1215 3448 1337 3526; x_wconf 86' lang='lat' dir='ltr'><strong>fuerint,</strong></span> 
     </span>
     <span class='ocr_line' id='line_1_33' title="bbox 107 3547 1374 3631; baseline -0.007 -17"><span class='ocrx_word' id='word_1_318' title='bbox 107 3559 133 3614; x_wconf 88' lang='lat' dir='ltr'><strong>n</strong></span> <span class='ocrx_word' id='word_1_319' title='bbox 160 3571 232 3617; x_wconf 89' lang='lat' dir='ltr'><strong>uuus</strong></span> <span class='ocrx_word' id='word_1_320' title='bbox 254 3551 485 3628; x_wconf 78' lang='lat' dir='ltr'><strong>distingueretur</strong></span> <span class='ocrx_word' id='word_1_321' title='bbox 506 3550 543 3611; x_wconf 90' lang='lat' dir='ltr'><strong>ab</strong></span> <span class='ocrx_word' id='word_1_322' title='bbox 567 3547 676 3626; x_wconf 90' lang='lat' dir='ltr'><strong>altero,</strong></span> <span class='ocrx_word' id='word_1_323' title='bbox 706 3553 736 3611; x_wconf 91' lang='lat' dir='ltr'><strong>et</strong></span> <span class='ocrx_word' id='word_1_324' title='bbox 758 3567 838 3631; x_wconf 86' lang='lat' dir='ltr'><strong>quarn</strong></span> <span class='ocrx_word' id='word_1_325' title='bbox 861 3548 1015 3631; x_wconf 79' lang='lat' dir='ltr'><strong>diiigenter</strong></span> <span class='ocrx_word' id='word_1_326' title='bbox 1042 3565 1095 3609; x_wconf 86' lang='lat' dir='ltr'><strong>eas</strong></span> <span class='ocrx_word' id='word_1_327' title='bbox 1120 3547 1246 3628; x_wconf 88' lang='lat' dir='ltr'><strong>populus</strong></span> <span class='ocrx_word' id='word_1_328' title='bbox 1280 3551 1338 3615; x_wconf 86' lang='lat' dir='ltr'><strong>ob.</strong></span> <span class='ocrx_word' id='word_1_329' title='bbox 1372 3592 1374 3595; x_wconf 87' lang='lat'>.</span> 
     </span>
     <span class='ocr_line' id='line_1_34' title="bbox 107 3651 1337 3733; baseline 0.007 -22"><span class='ocrx_word' id='word_1_330' title='bbox 107 3658 281 3722; x_wconf 79' lang='lat' dir='ltr'><strong>servaverit.</strong></span> <span class='ocrx_word' id='word_1_331' title='bbox 305 3655 408 3714; x_wconf 89' lang='lat' dir='ltr'><strong>doeent</strong></span> <span class='ocrx_word' id='word_1_332' title='bbox 433 3651 630 3714; x_wconf 84' lang='lat' dir='ltr'><strong>memorabiles</strong></span> <span class='ocrx_word' id='word_1_333' title='bbox 652 3670 687 3714; x_wconf 87' lang='lat' dir='ltr'><strong>au</strong></span> <span class='ocrx_word' id='word_1_334' title='bbox 710 3651 796 3733; x_wconf 86' lang='lat' dir='ltr'><strong>lepidi</strong></span> <span class='ocrx_word' id='word_1_335' title='bbox 818 3652 891 3730; x_wconf 88' lang='lat' dir='ltr'><strong>lool,</strong></span> <span class='ocrx_word' id='word_1_336' title='bbox 911 3651 1063 3717; x_wconf 75' lang='lat' dir='ltr'><strong>(lieerouis</strong></span> <span class='ocrx_word' id='word_1_337' title='bbox 1085 3651 1121 3713; x_wconf 84' lang='lat' dir='ltr'><strong>od</strong></span> <span class='ocrx_word' id='word_1_338' title='bbox 1142 3652 1226 3716; x_wconf 84' lang='lat' dir='ltr'><strong>Xlll.</strong></span> <span class='ocrx_word' id='word_1_339' title='bbox 1252 3677 1337 3720; x_wconf 80' lang='lat' dir='ltr'><strong>xurr.</strong></span> 
     </span>
     <span class='ocr_line' id='line_1_35' title="bbox 107 3756 1338 3836; baseline 0.005 -19"><span class='ocrx_word' id='word_1_340' title='bbox 107 3757 308 3834; x_wconf 75' lang='lat' dir='ltr'><strong>devictoris,</strong></span> <span class='ocrx_word' id='word_1_341' title='bbox 337 3760 383 3821; x_wconf 89' lang='lat' dir='ltr'><strong>eui</strong></span> <span class='ocrx_word' id='word_1_342' title='bbox 407 3777 461 3818; x_wconf 90' lang='lat' dir='ltr'><strong>nou</strong></span> <span class='ocrx_word' id='word_1_343' title='bbox 484 3757 592 3836; x_wconf 87' lang='lat' dir='ltr'><strong>plausit</strong></span> <span class='ocrx_word' id='word_1_344' title='bbox 614 3756 753 3836; x_wconf 89' lang='lat' dir='ltr'><strong>populus,</strong></span> <span class='ocrx_word' id='word_1_345' title='bbox 783 3760 904 3836; x_wconf 91' lang='lat' dir='ltr'><strong>propter</strong></span> <span class='ocrx_word' id='word_1_346' title='bbox 924 3756 1033 3819; x_wconf 85' lang='lat' dir='ltr'><strong>rnatum</strong></span> <span class='ocrx_word' id='word_1_347' title='bbox 1054 3758 1206 3834; x_wconf 71' lang='lat' dir='ltr'><strong>uieinnnrp</strong></span> <span class='ocrx_word' id='word_1_348' title='bbox 1234 3758 1338 3824; x_wconf 86' lang='lat' dir='ltr'><strong>Diouis</strong></span> 
     </span>
     <span class='ocr_line' id='line_1_36' title="bbox 108 3844 1335 3943; baseline -0.002 -21"><span class='ocrx_word' id='word_1_349' title='bbox 108 3859 195 3924; x_wconf 74' lang='lat' dir='ltr'><strong>bassii</strong></span> <span class='ocrx_word' id='word_1_350' title='bbox 214 3863 358 3926; x_wconf 84' lang='lat' dir='ltr'><strong>XLVlll.</strong></span> <span class='ocrx_word' id='word_1_351' title='bbox 378 3882 407 3942; x_wconf 88' lang='lat' dir='ltr'><strong>p.</strong></span> <span class='ocrx_word' id='word_1_352' title='bbox 428 3865 500 3923; x_wconf 78' lang='lat' dir='ltr'><strong>oto.</strong></span> <span class='ocrx_word' id='word_1_353' title='bbox 523 3862 560 3921; x_wconf 91' lang='lat' dir='ltr'><strong>de</strong></span> <span class='ocrx_word' id='word_1_354' title='bbox 583 3860 696 3939; x_wconf 87' lang='lat' dir='ltr'><strong>prolata</strong></span> <span class='ocrx_word' id='word_1_355' title='bbox 720 3862 747 3922; x_wconf 92' lang='lat' dir='ltr'><strong>in</strong></span> <span class='ocrx_word' id='word_1_356' title='bbox 770 3862 845 3923; x_wconf 86' lang='lat' dir='ltr'><strong>ludis</strong></span> <span class='ocrx_word' id='word_1_357' title='bbox 868 3844 1052 3941; x_wconf 81' lang='lat' dir='ltr'><strong>equestribus</strong></span> <span class='ocrx_word' id='word_1_358' title='bbox 1075 3861 1200 3936; x_wconf 85' lang='lat' dir='ltr'><strong>laragiue</strong></span> <span class='ocrx_word' id='word_1_359' title='bbox 1216 3862 1335 3943; x_wconf 88' lang='lat' dir='ltr'><strong>Neptu.</strong></span> 
     </span>
     <span class='ocr_line' id='line_1_37' title="bbox 106 3960 1335 4048; baseline 0.006 -26"><span class='ocrx_word' id='word_1_360' title='bbox 106 3965 143 4041; x_wconf 89' lang='lat' dir='ltr'><strong>ui,</strong></span> <span class='ocrx_word' id='word_1_361' title='bbox 171 3985 246 4048; x_wconf 87' lang='lat' dir='ltr'><strong>quae</strong></span> <span class='ocrx_word' id='word_1_362' title='bbox 277 3965 363 4028; x_wconf 87' lang='lat' dir='ltr'><strong>nrulto</strong></span> <span class='ocrx_word' id='word_1_363' title='bbox 392 3972 519 4045; x_wconf 79' lang='lat' dir='ltr'><strong>excepta</strong></span> <span class='ocrx_word' id='word_1_364' title='bbox 541 3964 641 4042; x_wconf 86' lang='lat' dir='ltr'><strong>plausu</strong></span> <span class='ocrx_word' id='word_1_365' title='bbox 671 3970 734 4042; x_wconf 85' lang='lat' dir='ltr'><strong>est,</strong></span> <span class='ocrx_word' id='word_1_366' title='bbox 762 3971 882 4044; x_wconf 89' lang='lat' dir='ltr'><strong>propter</strong></span> <span class='ocrx_word' id='word_1_367' title='bbox 902 3963 1126 4024; x_wconf 89' lang='lat' dir='ltr'><strong>reeordattouern</strong></span> <span class='ocrx_word' id='word_1_368' title='bbox 1145 3960 1236 4027; x_wconf 85' lang='lat' dir='ltr'><strong>Sexti</strong></span> <span class='ocrx_word' id='word_1_369' title='bbox 1246 3966 1335 4029; x_wconf 79' lang='lat' dir='ltr'><strong>Pour-</strong></span> 
     </span>
     <span class='ocr_line' id='line_1_38' title="bbox 105 4058 1333 4149; baseline 0.004 -22"><span class='ocrx_word' id='word_1_370' title='bbox 105 4058 178 4143; x_wconf 60' lang='lat' dir='ltr'><strong>peii,</strong></span> <span class='ocrx_word' id='word_1_371' title='bbox 208 4063 330 4138; x_wconf 81' lang='grc' dir='ltr'>σκεοὰς</span> <span class='ocrx_word' id='word_1_372' title='bbox 353 4065 409 4126; x_wconf 80' lang='grc' dir='ltr'><strong><em>καί</em></strong></span> <span class='ocrx_word' id='word_1_373' title='bbox 430 4064 581 4142; x_wconf 70' lang='grc' dir='ltr'>σύμβολα</span> <span class='ocrx_word' id='word_1_374' title='bbox 604 4087 686 4149; x_wconf 86' lang='lat' dir='ltr'><strong>quum</strong></span> <span class='ocrx_word' id='word_1_375' title='bbox 709 4069 780 4130; x_wconf 86' lang='lat' dir='ltr'><strong>‹lieit</strong></span> <span class='ocrx_word' id='word_1_376' title='bbox 795 4067 972 4146; x_wconf 85' lang='lat' dir='ltr'><strong>Dionysius,</strong></span> <span class='ocrx_word' id='word_1_377' title='bbox 1001 4064 1186 4128; x_wconf 86' lang='lat' dir='ltr'><strong>hauddubie</strong></span> <span class='ocrx_word' id='word_1_378' title='bbox 1208 4065 1333 4137; x_wconf 79' lang='lat' dir='ltr'><strong>babiturn</strong></span> 
     </span>
     <span class='ocr_line' id='line_1_39' title="bbox 104 4168 1332 4252; baseline 0.002 -20"><span class='ocrx_word' id='word_1_379' title='bbox 104 4177 127 4234; x_wconf 88' lang='lat' dir='ltr'><strong>et</strong></span> <span class='ocrx_word' id='word_1_380' title='bbox 151 4175 297 4252; x_wconf 84' lang='lat' dir='ltr'><strong>iusignia,</strong></span> <span class='ocrx_word' id='word_1_381' title='bbox 326 4177 358 4236; x_wconf 93' lang='lat' dir='ltr'><strong>ut</strong></span> <span class='ocrx_word' id='word_1_382' title='bbox 386 4175 415 4235; x_wconf 91' lang='lat' dir='ltr'><strong>iu</strong></span> <span class='ocrx_word' id='word_1_383' title='bbox 436 4173 574 4251; x_wconf 87' lang='lat' dir='ltr'><strong>Neptuno</strong></span> <span class='ocrx_word' id='word_1_384' title='bbox 602 4171 768 4246; x_wconf 84' lang='lat' dir='ltr'><strong>tridentem,</strong></span> <span class='ocrx_word' id='word_1_385' title='bbox 799 4171 829 4231; x_wconf 92' lang='lat' dir='ltr'><strong>iu</strong></span> <span class='ocrx_word' id='word_1_386' title='bbox 849 4168 988 4250; x_wconf 81' lang='lat' dir='ltr'><strong>Apolline</strong></span> <span class='ocrx_word' id='word_1_387' title='bbox 1015 4188 1126 4247; x_wconf 87' lang='lat' dir='ltr'><strong>areum,</strong></span> <span class='ocrx_word' id='word_1_388' title='bbox 1156 4171 1184 4232; x_wconf 92' lang='lat' dir='ltr'><strong>iu</strong></span> <span class='ocrx_word' id='word_1_389' title='bbox 1208 4171 1332 4237; x_wconf 84' lang='lat' dir='ltr'><strong>Hercule</strong></span> 
     </span>
     <span class='ocr_line' id='line_1_40' title="bbox 102 4272 1332 4356; baseline -0.002 -17"><span class='ocrx_word' id='word_1_390' title='bbox 102 4277 198 4354; x_wconf 82' lang='lat' dir='ltr'><strong>pellem</strong></span> <span class='ocrx_word' id='word_1_391' title='bbox 228 4276 369 4338; x_wconf 88' lang='lat' dir='ltr'><strong>leoninam</strong></span> <span class='ocrx_word' id='word_1_392' title='bbox 402 4275 590 4356; x_wconf 81' lang='lat' dir='ltr'><strong>clavamque,</strong></span> <span class='ocrx_word' id='word_1_393' title='bbox 621 4272 772 4352; x_wconf 80' lang='lat' dir='ltr'><strong>iutelligit,</strong></span> <span class='ocrx_word' id='word_1_394' title='bbox 796 4275 848 4337; x_wconf 91' lang='lat' dir='ltr'><strong>sed</strong></span> <span class='ocrx_word' id='word_1_395' title='bbox 878 4272 1017 4336; x_wconf 81' lang='lat' dir='ltr'><strong>credibile</strong></span> <span class='ocrx_word' id='word_1_396' title='bbox 1044 4280 1091 4335; x_wconf 88' lang='lat' dir='ltr'><strong>est</strong></span> <span class='ocrx_word' id='word_1_397' title='bbox 1120 4292 1174 4335; x_wconf 90' lang='lat' dir='ltr'><strong>nou</strong></span> <span class='ocrx_word' id='word_1_398' title='bbox 1204 4276 1332 4337; x_wconf 77' lang='lat' dir='ltr'><strong>defuisse</strong></span> 
     </span>
     <span class='ocr_line' id='line_1_41' title="bbox 99 4376 1332 4458; baseline 0 -15"><span class='ocrx_word' id='word_1_399' title='bbox 99 4391 208 4444; x_wconf 85' lang='lat' dir='ltr'><strong>eaetera</strong></span> <span class='ocrx_word' id='word_1_400' title='bbox 230 4385 413 4458; x_wconf 83' lang='lat' dir='ltr'><strong>ornamenta,</strong></span> <span class='ocrx_word' id='word_1_401' title='bbox 435 4381 604 4442; x_wconf 85' lang='lat' dir='ltr'><strong>monimenta</strong></span> <span class='ocrx_word' id='word_1_402' title='bbox 624 4396 765 4455; x_wconf 80' lang='lat' dir='ltr'><strong>aurorum,</strong></span> <span class='ocrx_word' id='word_1_403' title='bbox 790 4382 820 4441; x_wconf 91' lang='lat' dir='ltr'><strong>ut</strong></span> <span class='ocrx_word' id='word_1_404' title='bbox 841 4379 871 4441; x_wconf 88' lang='lat' dir='ltr'><strong>lu</strong></span> <span class='ocrx_word' id='word_1_405' title='bbox 894 4376 1033 4458; x_wconf 86' lang='lat' dir='ltr'><strong>Apolline</strong></span> <span class='ocrx_word' id='word_1_406' title='bbox 1055 4376 1177 4454; x_wconf 85' lang='lat' dir='ltr'><strong>laurum,</strong></span> <span class='ocrx_word' id='word_1_407' title='bbox 1196 4379 1228 4438; x_wconf 51' lang='lat' dir='ltr'><strong>&gt;in</strong></span> <span class='ocrx_word' id='word_1_408' title='bbox 1251 4379 1332 4444; x_wconf 87' lang='lat' dir='ltr'><strong>Pane</strong></span> 
     </span>
     <span class='ocr_line' id='line_1_42' title="bbox 97 4483 524 4564; baseline 0.002 -18"><span class='ocrx_word' id='word_1_409' title='bbox 97 4489 262 4564; x_wconf 72' lang='lat' dir='ltr'><strong>springen,</strong></span> <span class='ocrx_word' id='word_1_410' title='bbox 285 4483 333 4545; x_wconf 86' lang='lat' dir='ltr'><strong>vel</strong></span> <span class='ocrx_word' id='word_1_411' title='bbox 355 4486 460 4564; x_wconf 83' lang='lat' dir='ltr'><strong>pinum.</strong></span> <span class='ocrx_word' id='word_1_412' title='bbox 521 4536 524 4547; x_wconf 92' lang='lat'>.</span> 
     </span>
     <span class='ocr_line' id='line_1_43' title="bbox 142 4573 1125 4658; baseline -0.003 -2"><span class='ocrx_word' id='word_1_413' title='bbox 142 4604 264 4658; x_wconf 79' lang='lat' dir='ltr'><strong>Valerius</strong></span> <span class='ocrx_word' id='word_1_414' title='bbox 281 4600 353 4653; x_wconf 77' lang='lat' dir='ltr'><strong>(tuto.</strong></span> <span class='ocrx_word' id='word_1_415' title='bbox 895 4581 899 4591; x_wconf 53' lang='lat'><strong><em>¹</em></strong></span> <span class='ocrx_word' id='word_1_416' title='bbox 1075 4573 1125 4640; x_wconf 71' lang='lat'><strong>¹2</strong></span> 
     </span>
    </p>
   </div>
   <div class='ocr_carea' id='block_1_5' title="bbox 0 0 1478 4986">
    <p class='ocr_par' dir='ltr' id='par_1_5' title="bbox 0 0 1478 4986">
     <span class='ocr_line' id='line_1_44' title="bbox 0 0 1478 4986; baseline 0 0"><span class='ocrx_word' id='word_1_417' title='bbox 0 0 1478 4986; x_wconf 95' lang='lat' dir='ltr'><strong> </strong></span> 
     </span>
    </p>
   </div>
  </div>
 </body>
</html>
