2948 4986
177 180 203 249 6
499 169 668 238 venenu
691 164 1099 235 onnoniscnnnrnn.

179 331 251 418 Qui
278 330 427 404 dominis
444 329 584 401 -iniests
608 329 784 412 minantes
811 335 940 420 stagna
965 325 1185 421 relinquant,

179 486 283 559 Unde
309 487 431 582 elapsa
456 508 552 557 meos
578 504 683 579 agros
709 483 912 578 pervenerit
937 480 1043 552 unda.
1087 557 1088 560 Ἴ

181 642 344 713 Piseetur
370 643 500 713 nestris
526 640 563 714 in
589 638 718 710 finibus
746 638 885 710 advena
911 646 1067 723 aratur,v
1182 723 1184 726 Α

183 795 353 880 Aduena,
380 795 479 868 civili
505 796 566 892 qui
593 817 731 890 semper
756 795 903 865 crimine
930 794 1055 864 erevit.

182 953 214 1024 0
241 951 333 1023 male
360 949 498 1036 devoti,
517 959 725 1047 :praetorum
752 950 914 1032 erimina,
942 947 1069 1043 agelli,

184 1107 311 1204 Tuque
337 1107 477 1177 inimica
502 1108 556 1177 tui
581 1128 720 1200 semper
746 1103 920 1175 discordia
947 1104 1048 1202 qivis.

95 1267 97 1272 ’
182 1261 300 1334 Exsul
327 1287 414 1358 ego,
441 1262 682 1346 indemnatae,
709 1280 837 1353 egens,
864 1281 944 1330 mea
970 1282 1053 1331 rura
1079 1259 1224 1355 reliqui,

90 1470 107 1501 ..
182 1418 290 1490 Miles
316 1426 356 1489 ut
382 1419 530 1514 accipiat
556 1417 689 1487 funesti
714 1416 871 1510 praemia
894 1413 993 1486 belii.

182 1571 275 1644 ilinc
301 1595 367 1666 ego
395 1571 438 1643 de
464 1572 600 1643 tumulo
625 1593 704 1642 mea
729 1593 813 1640 rura
839 1571 1032 1641 novissima
1057 1571 1183 1641 visam.

183 1726 275 1799 Hine
301 1727 359 1799 ibe
385 1729 422 1800 in
449 1727 579 1799 silvest
605 1725 795 1801 obstabunt
820 1728 889 1807 iam
916 1724 1002 1796 mihi
1027 1724 1154 1812 calles,
1189 1787 1209 1796 ..

183 1882 384 1955 Obstabunt
409 1890 556 1953 montes.
593 1881 744 1975 Campos
771 1878 891 1952 audire
917 1879 1055 1952 licebit:

41 2108 45 2125 ,
181 2035 791 2129 Dulciaruravalete‚-et11ydia
817 2036 952 2109 dulcior
978 2035 1069 2123 illis,
1151 2112 1152 2115 ,

184 2192 232 2265 Et
258 2195 348 2264 casti
373 2192 507 2279 fontes,
535 2190 687 2292 etielix
714 2213 841 2273 nomen
867 2191 1003 2286 agelli..

185 2345 338 2420 Tardius
365 2346 411 2418 alr
436 2348 585 2420 miserae
612 2346 815 2418 descendite
840 2355 959 2429 monte
985 2347 1162 2443 capellnez

185 2504 311 2577 Mollia
337 2526 407 2574 nen
434 2505 560 2584 iterum
586 2504 738 2598 carpetis
764 2502 896 2599 pabula
920 2510 1021 2573 nota:
1070 2506 1078 2522 '
1134 2532 1163 2552 ··

184 2660 315 2758 Tuque
340 2663 466 2732 resiste
493 2667 604 2755 pater.
639 2656 697 2730 ldn
723 2659 836 2752 prima
862 2657 1182 2731 novissimanobis
1225 2680 1228 2689 ’

185 2816 331 2887 lntueer
357 2835 498 2908 campos
524 2813 688 2907 lengumz
714 2820 833 2885 manet
860 2815 956 2918 ensis
982 2815 1019 2884 in
1045 2812 1129 2885 illis.
1169 2874 1173 2881 .

187 2969 286 3042 Rura
311 2967 431 3047 valete
457 2967 601 3056 iteruri,
627 2976 737 3065 tuque
764 2970 895 3065 optima
918 2967 1040 3062 Lydia
1065 2968 1179 3041 salve.

189 3122 279 3198 Sive
306 3125 376 3196 eris
403 3131 439 3194 et
465 3124 496 3194 si
522 3145 612 3208 nun,
638 3106 774 3195 meeum
801 3079 989 3210 morieris
1003 3135 1205 3221 utrumque.

189 3279 401 3352 Extremum
428 3301 569 3349 carmen
595 3301 804 3350 revocemus
830 3275 978 3364 Battare
1004 3301 1131 3363 avena.

188 3432 318 3507 Dulcia
344 3456 462 3505 amara
486 3435 586 3530 prius
610 3434 717 3520 fient,
745 3442 781 3506 et
806 3433 928 3506 mollia
954 3432 1059 3521 dura,
1188 3490 1191 3497 ,

190 3588 350 3663 Candida
375 3591 478 3685 nigra
504 3587 598 3660 deuii
624 3597 788 3676 cernent,
814 3599 851 3661 et
877 3588 1025 3661 dextera
1050 3588 1175 3676 laeva,
1212 3622 1217 3633 1

191 3743 400 3839 Migrabunt
427 3767 530 3815 casus
558 3744 674 3817 aliena
700 3746 737 3814 in
764 3767 910 3842 corpora
936 3761 1071 3817 rernm=
1351 3749 1433 3818 100

193 3898 310 3986 Quam
334 3907 398 3971 tua
422 3899 466 3971 de
493 3901 623 3972 nestris
649 3900 800 3995 emigret
823 3923 910 3972 eura
935 3899 1110 3975 medullis.

193 4053 366 4141 Quamvis
393 4055 487 4149 ignis
513 4055 602 4144 eris,
629 4056 792 4151 quemvis
818 4078 927 4152 equa,
953 4079 1092 4152 semper
1117 4055 1258 4128 amabe:

192 4208 331 4281 Gaudia
357 4230 496 4304 semper
523 4210 616 4281 enim
641 4218 704 4282 tua
728 4231 785 4282 me
811 4211 1012 4285 meminisse
1037 4210 1169 4284 licebit.

645 4598 965 4613 *nn—*—
