<?xml version="1.0" encoding="UTF-8"?>
<!DOCTYPE html PUBLIC "-//W3C//DTD XHTML 1.0 Transitional//EN"
    "http://www.w3.org/TR/xhtml1/DTD/xhtml1-transitional.dtd">
<html xmlns="http://www.w3.org/1999/xhtml" xml:lang="en" lang="en">
 <head>
  <title>
</title>
<meta http-equiv="Content-Type" content="text/html;charset=utf-8" />
  <meta name='ocr-system' content='tesseract 3.04.00' />
  <meta name='ocr-capabilities' content='ocr_page ocr_carea ocr_par ocr_line ocrx_word'/>
</head>
<body>
  <div class='ocr_page' id='page_1' title='image "./carminavaleriic00catogoog_0413.png"; bbox 0 0 2948 4986; ppageno 0'>
   <div class='ocr_carea' id='block_1_1' title="bbox 117 125 990 254">
    <p class='ocr_par' dir='ltr' id='par_1_1' title="bbox 117 125 990 254">
     <span class='ocr_line' id='line_1_1' title="bbox 117 125 990 254; baseline -0.002 -11"><span class='ocrx_word' id='word_1_1' title='bbox 117 125 211 254; x_wconf 72' lang='lat' dir='ltr'><strong><em>ace</em></strong></span> <span class='ocrx_word' id='word_1_2' title='bbox 579 177 860 243; x_wconf 84' lang='lat' dir='ltr'><strong><em>nrssnauauro</em></strong></span> <span class='ocrx_word' id='word_1_3' title='bbox 883 176 959 242; x_wconf 70' lang='grc' dir='ltr'>ιιι·</span> <span class='ocrx_word' id='word_1_4' title='bbox 987 152 990 156; x_wconf 77' lang='grc'><strong>’</strong></span> 
     </span>
    </p>
   </div>
   <div class='ocr_carea' id='block_1_2' title="bbox 131 349 1426 3010">
    <p class='ocr_par' dir='ltr' id='par_1_2' title="bbox 131 349 1426 3010">
     <span class='ocr_line' id='line_1_2' title="bbox 131 349 1382 435; baseline -0.002 -21"><span class='ocrx_word' id='word_1_5' title='bbox 131 352 237 435; x_wconf 84' lang='lat' dir='ltr'><strong><em>‹lieqoe</em></strong></span> <span class='ocrx_word' id='word_1_6' title='bbox 258 353 360 415; x_wconf 84' lang='lat' dir='ltr'><strong><em>morlia</em></strong></span> <span class='ocrx_word' id='word_1_7' title='bbox 381 353 532 434; x_wconf 87' lang='lat' dir='ltr'><strong><em>Pomponii</em></strong></span> <span class='ocrx_word' id='word_1_8' title='bbox 553 353 638 415; x_wconf 71' lang='lat' dir='ltr'><strong><em>iraeti</em></strong></span> <span class='ocrx_word' id='word_1_9' title='bbox 660 350 790 415; x_wconf 87' lang='lat' dir='ltr'><strong><em>Michaei</em></strong></span> <span class='ocrx_word' id='word_1_10' title='bbox 812 351 924 413; x_wconf 81' lang='lat' dir='ltr'><strong><em>i&#39;ernaa</em></strong></span> <span class='ocrx_word' id='word_1_11' title='bbox 946 350 1074 414; x_wconf 82' lang='lat' dir='ltr'><strong><em>tradidit.</em></strong></span> <span class='ocrx_word' id='word_1_12' title='bbox 1118 349 1254 411; x_wconf 80' lang='lat' dir='ltr'><strong><em>Deludea</em></strong></span> <span class='ocrx_word' id='word_1_13' title='bbox 1278 349 1382 412; x_wconf 78' lang='lat' dir='ltr'><strong><em>Bolon</em></strong></span> 
     </span>
     <span class='ocr_line' id='line_1_3' title="bbox 132 454 1383 541; baseline -0.003 -23"><span class='ocrx_word' id='word_1_14' title='bbox 132 475 213 518; x_wconf 83' lang='lat' dir='ltr'><strong><em>carro</em></strong></span> <span class='ocrx_word' id='word_1_15' title='bbox 234 455 417 518; x_wconf 75' lang='lat' dir='ltr'><strong><em>Alexander</em></strong></span> <span class='ocrx_word' id='word_1_16' title='bbox 436 476 525 539; x_wconf 85' lang='lat' dir='ltr'><strong><em>popo</em></strong></span> <span class='ocrx_word' id='word_1_17' title='bbox 548 465 656 517; x_wconf 77' lang='lat' dir='ltr'><strong><em>vntne.</em></strong></span> <span class='ocrx_word' id='word_1_18' title='bbox 688 456 839 537; x_wconf 79' lang='lat' dir='ltr'><strong><em>liepoaoe</em></strong></span> <span class='ocrx_word' id='word_1_19' title='bbox 859 475 939 541; x_wconf 82' lang='lat' dir='ltr'><strong><em>perra</em></strong></span> <span class='ocrx_word' id='word_1_20' title='bbox 958 460 1140 516; x_wconf 71' lang='lat' dir='ltr'><strong><em>trecentos:</em></strong></span> <span class='ocrx_word' id='word_1_21' title='bbox 1163 473 1270 516; x_wconf 83' lang='lat' dir='ltr'><strong><em>meree</em></strong></span> <span class='ocrx_word' id='word_1_22' title='bbox 1293 461 1323 515; x_wconf 85' lang='lat' dir='ltr'><strong><em>et</em></strong></span> <span class='ocrx_word' id='word_1_23' title='bbox 1340 454 1383 533; x_wconf 76' lang='lat' dir='ltr'><strong><em>fr·</em></strong></span> 
     </span>
     <span class='ocr_line' id='line_1_4' title="bbox 131 556 1383 641; baseline 0 -22"><span class='ocrx_word' id='word_1_24' title='bbox 131 562 256 620; x_wconf 83' lang='lat' dir='ltr'><strong><em>minoe:</em></strong></span> <span class='ocrx_word' id='word_1_25' title='bbox 281 563 334 641; x_wconf 81' lang='lat' dir='ltr'><strong><em>qui</em></strong></span> <span class='ocrx_word' id='word_1_26' title='bbox 356 570 472 622; x_wconf 84' lang='lat' dir='ltr'><strong><em>aeciam</em></strong></span> <span class='ocrx_word' id='word_1_27' title='bbox 487 560 708 621; x_wconf 86' lang='lat' dir='ltr'><strong><em>Morronorom</em></strong></span> <span class='ocrx_word' id='word_1_28' title='bbox 725 558 968 640; x_wconf 60' lang='lat' dir='ltr'><strong><em>profitebantur,</em></strong></span> <span class='ocrx_word' id='word_1_29' title='bbox 990 576 1072 640; x_wconf 83' lang='lat' dir='ltr'><strong><em>poce</em></strong></span> <span class='ocrx_word' id='word_1_30' title='bbox 1092 559 1163 638; x_wconf 83' lang='lat' dir='ltr'><strong><em>sere</em></strong></span> <span class='ocrx_word' id='word_1_31' title='bbox 1185 576 1254 618; x_wconf 83' lang='lat' dir='ltr'><strong><em>cem</em></strong></span> <span class='ocrx_word' id='word_1_32' title='bbox 1277 556 1383 619; x_wconf 81' lang='lat' dir='ltr'><strong><em>laelrria</em></strong></span> 
     </span>
     <span class='ocr_line' id='line_1_5' title="bbox 132 659 1385 744; baseline -0.001 -21"><span class='ocrx_word' id='word_1_33' title='bbox 132 663 285 723; x_wconf 75' lang='lat' dir='ltr'><strong><em>consentit</em></strong></span> <span class='ocrx_word' id='word_1_34' title='bbox 290 703 302 737; x_wconf 90' lang='lat'><strong><em>,</em></strong></span> <span class='ocrx_word' id='word_1_35' title='bbox 331 663 375 726; x_wconf 76' lang='lat' dir='ltr'><strong><em>ael</em></strong></span> <span class='ocrx_word' id='word_1_36' title='bbox 404 662 493 744; x_wconf 76' lang='lat' dir='ltr'><strong><em>ficiem</em></strong></span> <span class='ocrx_word' id='word_1_37' title='bbox 515 659 575 740; x_wconf 84' lang='lat' dir='ltr'><strong><em>xpi</em></strong></span> <span class='ocrx_word' id='word_1_38' title='bbox 605 665 731 742; x_wconf 84' lang='lat' dir='ltr'><strong><em>recepit.</em></strong></span> <span class='ocrx_word' id='word_1_39' title='bbox 754 661 856 742; x_wconf 72' lang='lat' dir='ltr'><strong><em>faties</em></strong></span> <span class='ocrx_word' id='word_1_40' title='bbox 878 676 989 724; x_wconf 79' lang='lat' dir='ltr'><strong><em>eorom&#39;</em></strong></span> <span class='ocrx_word' id='word_1_41' title='bbox 1002 671 1084 723; x_wconf 86' lang='lat' dir='ltr'><strong><em>certe</em></strong></span> <span class='ocrx_word' id='word_1_42' title='bbox 1106 661 1189 722; x_wconf 82' lang='lat' dir='ltr'><strong><em>talea</em></strong></span> <span class='ocrx_word' id='word_1_43' title='bbox 1213 671 1332 722; x_wconf 74' lang='lat' dir='ltr'><strong><em>eraut:</em></strong></span> <span class='ocrx_word' id='word_1_44' title='bbox 1357 666 1385 722; x_wconf 89' lang='lat' dir='ltr'><strong><em>ot</em></strong></span> 
     </span>
     <span class='ocr_line' id='line_1_6' title="bbox 133 761 1387 848; baseline -0.002 -22"><span class='ocrx_word' id='word_1_45' title='bbox 133 785 193 826; x_wconf 83' lang='lat' dir='ltr'><strong><em>noo</em></strong></span> <span class='ocrx_word' id='word_1_46' title='bbox 214 785 388 848; x_wconf 77' lang='lat' dir='ltr'><strong><em>quemquam</em></strong></span> <span class='ocrx_word' id='word_1_47' title='bbox 401 764 538 828; x_wconf 80' lang='lat' dir='ltr'><strong><em>Soteron</em></strong></span> <span class='ocrx_word' id='word_1_48' title='bbox 561 774 662 826; x_wconf 83' lang='lat' dir='ltr'><strong><em>aotam</em></strong></span> <span class='ocrx_word' id='word_1_49' title='bbox 684 783 756 826; x_wconf 80' lang='lat' dir='ltr'><strong><em>esee</em></strong></span> <span class='ocrx_word' id='word_1_50' title='bbox 777 783 922 844; x_wconf 77' lang='lat' dir='ltr'><strong><em>orporea.</em></strong></span> <span class='ocrx_word' id='word_1_51' title='bbox 944 763 1051 825; x_wconf 77' lang='lat' dir='ltr'><strong><em>inlito</em></strong></span> <span class='ocrx_word' id='word_1_52' title='bbox 1074 782 1161 825; x_wconf 90' lang='lat' dir='ltr'><strong><em>cereo</em></strong></span> <span class='ocrx_word' id='word_1_53' title='bbox 1184 761 1285 825; x_wconf 79' lang='lat' dir='ltr'><strong><em>rubeo</em></strong></span> <span class='ocrx_word' id='word_1_54' title='bbox 1307 782 1387 824; x_wconf 81' lang='lat' dir='ltr'><strong><em>crece</em></strong></span> 
     </span>
     <span class='ocr_line' id='line_1_7' title="bbox 133 867 1387 949; baseline -0.002 -19"><span class='ocrx_word' id='word_1_55' title='bbox 133 877 164 930; x_wconf 87' lang='lat' dir='ltr'><strong><em>et</em></strong></span> <span class='ocrx_word' id='word_1_56' title='bbox 186 871 217 929; x_wconf 84' lang='lat' dir='ltr'><strong><em>io</em></strong></span> <span class='ocrx_word' id='word_1_57' title='bbox 236 876 321 949; x_wconf 83' lang='lat' dir='ltr'><strong><em>terpo</em></strong></span> <span class='ocrx_word' id='word_1_58' title='bbox 351 877 382 930; x_wconf 89' lang='lat' dir='ltr'><strong><em>et</em></strong></span> <span class='ocrx_word' id='word_1_59' title='bbox 409 871 441 928; x_wconf 88' lang='lat' dir='ltr'><strong><em>in</em></strong></span> <span class='ocrx_word' id='word_1_60' title='bbox 467 875 593 949; x_wconf 79' lang='lat' dir='ltr'><strong><em>pectore</em></strong></span> <span class='ocrx_word' id='word_1_61' title='bbox 623 868 789 943; x_wconf 66' lang='lat' dir='ltr'><strong><em>asseruero,</em></strong></span> <span class='ocrx_word' id='word_1_62' title='bbox 822 868 963 948; x_wconf 78' lang='lat' dir='ltr'><strong><em>crucifici</em></strong></span> <span class='ocrx_word' id='word_1_63' title='bbox 1001 870 1120 946; x_wconf 79' lang='lat' dir='ltr'><strong><em>ciperem</em></strong></span> <span class='ocrx_word' id='word_1_64' title='bbox 1150 867 1217 929; x_wconf 83' lang='lat' dir='ltr'><strong><em>alte</em></strong></span> <span class='ocrx_word' id='word_1_65' title='bbox 1244 867 1387 948; x_wconf 75' lang='lat' dir='ltr'><strong><em>prelatum</em></strong></span> 
     </span>
     <span class='ocr_line' id='line_1_8' title="bbox 134 969 1387 1054; baseline -0.002 -20"><span class='ocrx_word' id='word_1_66' title='bbox 134 979 298 1054; x_wconf 75' lang='lat' dir='ltr'><strong><em>requenter</em></strong></span> <span class='ocrx_word' id='word_1_67' title='bbox 322 991 344 1032; x_wconf 86' lang='lat' dir='ltr'><em>a</em></span> <span class='ocrx_word' id='word_1_68' title='bbox 367 970 439 1033; x_wconf 79' lang='lat' dir='ltr'><strong><em>oliuo</em></strong></span> <span class='ocrx_word' id='word_1_69' title='bbox 460 980 549 1052; x_wconf 87' lang='lat' dir='ltr'><strong><em>petro</em></strong></span> <span class='ocrx_word' id='word_1_70' title='bbox 572 971 615 1031; x_wconf 85' lang='lat' dir='ltr'><strong><em>orl</em></strong></span> <span class='ocrx_word' id='word_1_71' title='bbox 640 971 779 1032; x_wconf 83' lang='lat' dir='ltr'><strong><em>Mariam</em></strong></span> <span class='ocrx_word' id='word_1_72' title='bbox 802 970 954 1032; x_wconf 67' lang='lat' dir='ltr'><strong><em>Mineruae·</em></strong></span> <span class='ocrx_word' id='word_1_73' title='bbox 980 981 1053 1032; x_wconf 81' lang='lat' dir='ltr'><strong><em>anot</em></strong></span> <span class='ocrx_word' id='word_1_74' title='bbox 1072 970 1166 1052; x_wconf 82' lang='lat' dir='ltr'><strong><em>pleno</em></strong></span> <span class='ocrx_word' id='word_1_75' title='bbox 1188 969 1303 1032; x_wconf 76' lang='lat' dir='ltr'><strong><em>ordine</em></strong></span> <span class='ocrx_word' id='word_1_76' title='bbox 1322 989 1387 1050; x_wconf 85' lang='lat' dir='ltr'><strong><em>pro-</em></strong></span> 
     </span>
     <span class='ocr_line' id='line_1_9' title="bbox 131 1068 1387 1156; baseline -0.002 -21"><span class='ocrx_word' id='word_1_77' title='bbox 131 1075 227 1155; x_wconf 78' lang='lat' dir='ltr'><strong><em>fecti,</em></strong></span> <span class='ocrx_word' id='word_1_78' title='bbox 251 1073 304 1134; x_wconf 80' lang='lat' dir='ltr'><strong><em>viri</em></strong></span> <span class='ocrx_word' id='word_1_79' title='bbox 325 1084 439 1136; x_wconf 83' lang='lat' dir='ltr'><strong><em>cratem</em></strong></span> <span class='ocrx_word' id='word_1_80' title='bbox 462 1081 716 1135; x_wconf 79' lang='lat' dir='ltr'><strong><em>commemoratam</em></strong></span> <span class='ocrx_word' id='word_1_81' title='bbox 739 1074 945 1156; x_wconf 72' lang='lat' dir='ltr'><strong><em>deposuerunt</em></strong></span> <span class='ocrx_word' id='word_1_82' title='bbox 963 1074 1039 1152; x_wconf 81' lang='lat' dir='ltr'><strong><em>¹lolii</em></strong></span> <span class='ocrx_word' id='word_1_83' title='bbox 1060 1074 1120 1135; x_wconf 81' lang='lat' dir='ltr'><strong><em>die.</em></strong></span> <span class='ocrx_word' id='word_1_84' title='bbox 1139 1083 1193 1135; x_wconf 76' lang='lat'><strong><em>29.</em></strong></span> <span class='ocrx_word' id='word_1_85' title='bbox 1243 1068 1387 1134; x_wconf 81' lang='lat' dir='ltr'><strong><em>Domitium</em></strong></span> 
     </span>
     <span class='ocr_line' id='line_1_10' title="bbox 134 1170 1387 1258; baseline -0.002 -20"><span class='ocrx_word' id='word_1_86' title='bbox 134 1175 291 1238; x_wconf 85' lang='lat' dir='ltr'><strong><em>Glossaior</em></strong></span> <span class='ocrx_word' id='word_1_87' title='bbox 313 1177 411 1248; x_wconf 86' lang='lat' dir='ltr'><strong><em>novit,</em></strong></span> <span class='ocrx_word' id='word_1_88' title='bbox 435 1179 465 1238; x_wconf 86' lang='lat' dir='ltr'><strong><em>et</em></strong></span> <span class='ocrx_word' id='word_1_89' title='bbox 487 1175 660 1256; x_wconf 81' lang='lat' dir='ltr'><strong><em>aliquoties,</em></strong></span> <span class='ocrx_word' id='word_1_90' title='bbox 685 1180 716 1236; x_wconf 89' lang='lat' dir='ltr'><strong><em>ut</em></strong></span> <span class='ocrx_word' id='word_1_91' title='bbox 738 1174 834 1237; x_wconf 86' lang='lat' dir='ltr'><strong><em>Dirar.</em></strong></span> <span class='ocrx_word' id='word_1_92' title='bbox 857 1195 888 1236; x_wconf 89' lang='lat' dir='ltr'><strong><em>v.</em></strong></span> <span class='ocrx_word' id='word_1_93' title='bbox 918 1183 943 1236; x_wconf 92' lang='grc'><strong><em>1.</em></strong></span> <span class='ocrx_word' id='word_1_94' title='bbox 965 1177 1003 1237; x_wconf 81' lang='lat' dir='ltr'><strong><em>acl</em></strong></span> <span class='ocrx_word' id='word_1_95' title='bbox 1024 1196 1184 1258; x_wconf 80' lang='lat' dir='ltr'><strong><em>cppaeaa,</em></strong></span> <span class='ocrx_word' id='word_1_96' title='bbox 1201 1170 1242 1236; x_wconf 66' lang='lat' dir='ltr'><strong><em>u.</em></strong></span> <span class='ocrx_word' id='word_1_97' title='bbox 1273 1181 1323 1238; x_wconf 89' lang='lat' dir='ltr'><strong><em>lo.</em></strong></span> <span class='ocrx_word' id='word_1_98' title='bbox 1342 1177 1387 1236; x_wconf 74' lang='lat' dir='ltr'><strong><em>ou.</em></strong></span> 
     </span>
     <span class='ocr_line' id='line_1_11' title="bbox 136 1276 1388 1351; baseline -0.002 -9"><span class='ocrx_word' id='word_1_99' title='bbox 136 1285 186 1342; x_wconf 86' lang='grc'><strong><em>86.</em></strong></span> <span class='ocrx_word' id='word_1_100' title='bbox 210 1284 263 1341; x_wconf 83' lang='grc'><strong><em>89.</em></strong></span> <span class='ocrx_word' id='word_1_101' title='bbox 286 1284 355 1341; x_wconf 91' lang='lat' dir='ltr'><strong><em>anie</em></strong></span> <span class='ocrx_word' id='word_1_102' title='bbox 377 1278 479 1340; x_wconf 78' lang='lat' dir='ltr'><strong><em>oculor</em></strong></span> <span class='ocrx_word' id='word_1_103' title='bbox 502 1276 617 1351; x_wconf 88' lang='lat' dir='ltr'><strong><em>habuit,</em></strong></span> <span class='ocrx_word' id='word_1_104' title='bbox 648 1282 678 1340; x_wconf 92' lang='lat' dir='ltr'><strong><em>et</em></strong></span> <span class='ocrx_word' id='word_1_105' title='bbox 700 1278 809 1339; x_wconf 83' lang='lat' dir='ltr'><strong><em>diserte</em></strong></span> <span class='ocrx_word' id='word_1_106' title='bbox 833 1280 957 1339; x_wconf 85' lang='lat' dir='ltr'><strong><em>nominat</em></strong></span> <span class='ocrx_word' id='word_1_107' title='bbox 978 1278 1133 1340; x_wconf 85' lang='lat' dir='ltr'><strong><em>Domitium</em></strong></span> <span class='ocrx_word' id='word_1_108' title='bbox 1156 1279 1193 1338; x_wconf 86' lang='lat' dir='ltr'><strong><em>ad</em></strong></span> <span class='ocrx_word' id='word_1_109' title='bbox 1218 1298 1253 1339; x_wconf 90' lang='lat' dir='ltr'><strong><em>v.</em></strong></span> <span class='ocrx_word' id='word_1_110' title='bbox 1279 1286 1311 1341; x_wconf 80' lang='grc'><strong><em>9.</em></strong></span> <span class='ocrx_word' id='word_1_111' title='bbox 1352 1278 1388 1340; x_wconf 77' lang='lat' dir='ltr'><strong><em>nt</em></strong></span> 
     </span>
     <span class='ocr_line' id='line_1_12' title="bbox 134 1380 1388 1464; baseline 0.001 -22"><span class='ocrx_word' id='word_1_112' title='bbox 134 1382 201 1463; x_wconf 82' lang='lat' dir='ltr'><strong><em>quil</em></strong></span> <span class='ocrx_word' id='word_1_113' title='bbox 235 1381 291 1442; x_wconf 88' lang='lat' dir='ltr'><strong><em>lroc</em></strong></span> <span class='ocrx_word' id='word_1_114' title='bbox 319 1388 383 1458; x_wconf 84' lang='lat' dir='ltr'><strong><em>est,</em></strong></span> <span class='ocrx_word' id='word_1_115' title='bbox 413 1383 488 1464; x_wconf 86' lang='lat' dir='ltr'><strong><em>qnorl</em></strong></span> <span class='ocrx_word' id='word_1_116' title='bbox 520 1381 629 1443; x_wconf 87' lang='lat' dir='ltr'><strong><em>Aicloii</em></strong></span> <span class='ocrx_word' id='word_1_117' title='bbox 659 1381 795 1442; x_wconf 76' lang='lat' dir='ltr'><strong><em>versibus</em></strong></span> <span class='ocrx_word' id='word_1_118' title='bbox 824 1380 1015 1460; x_wconf 69' lang='lat' dir='ltr'><strong><em>paraphrasin</em></strong></span> <span class='ocrx_word' id='word_1_119' title='bbox 1049 1381 1207 1443; x_wconf 67' lang='lat' dir='ltr'><strong><em>(liceantur</em></strong></span> <span class='ocrx_word' id='word_1_120' title='bbox 1239 1382 1388 1462; x_wconf 75' lang='lat' dir='ltr'><strong><em>adscripsit</em></strong></span> 
     </span>
     <span class='ocr_line' id='line_1_13' title="bbox 134 1479 1387 1566; baseline -0.001 -21"><span class='ocrx_word' id='word_1_121' title='bbox 134 1482 191 1546; x_wconf 82' lang='lat' dir='ltr'><strong><em>lrou</em></strong></span> <span class='ocrx_word' id='word_1_122' title='bbox 214 1484 319 1547; x_wconf 90' lang='lat' dir='ltr'><strong><em>titulo:</em></strong></span> <span class='ocrx_word' id='word_1_123' title='bbox 349 1488 470 1549; x_wconf 80' lang='lat' dir='ltr'><strong><em>Summo</em></strong></span> <span class='ocrx_word' id='word_1_124' title='bbox 493 1487 621 1548; x_wconf 85' lang='lat' dir='ltr'><strong><em>Domitii</em></strong></span> <span class='ocrx_word' id='word_1_125' title='bbox 641 1479 740 1566; x_wconf 76' lang='lat' dir='ltr'><strong><em>Afri&#39;l</em></strong></span> <span class='ocrx_word' id='word_1_126' title='bbox 768 1484 942 1546; x_wconf 74' lang='lat' dir='ltr'><strong><em>Eumlenme</em></strong></span> <span class='ocrx_word' id='word_1_127' title='bbox 965 1484 1118 1546; x_wconf 85' lang='lat' dir='ltr'><strong><em>Domitium</em></strong></span> <span class='ocrx_word' id='word_1_128' title='bbox 1140 1479 1307 1563; x_wconf 75' lang='lat' dir='ltr'><strong><em>iomiirgit‘t</em></strong></span> <span class='ocrx_word' id='word_1_129' title='bbox 1335 1484 1387 1548; x_wconf 81' lang='lat' dir='ltr'><strong><em>seo</em></strong></span> 
     </span>
     <span class='ocr_line' id='line_1_14' title="bbox 135 1583 1387 1668; baseline -0.002 -18"><span class='ocrx_word' id='word_1_130' title='bbox 135 1606 186 1650; x_wconf 88' lang='lat' dir='ltr'><strong><em>eur</em></strong></span> <span class='ocrx_word' id='word_1_131' title='bbox 210 1583 301 1649; x_wconf 76' lang='lat' dir='ltr'><strong><em>Arrii</em></strong></span> <span class='ocrx_word' id='word_1_132' title='bbox 332 1589 518 1668; x_wconf 83' lang='lat' dir='ltr'><strong><em>Pomponium</em></strong></span> <span class='ocrx_word' id='word_1_133' title='bbox 541 1607 598 1650; x_wconf 93' lang='lat' dir='ltr'><strong><em>nou</em></strong></span> <span class='ocrx_word' id='word_1_134' title='bbox 629 1589 745 1650; x_wconf 88' lang='lat' dir='ltr'><strong><em>videtur</em></strong></span> <span class='ocrx_word' id='word_1_135' title='bbox 773 1588 894 1648; x_wconf 79' lang='lat' dir='ltr'><strong><em>novisse</em></strong></span> <span class='ocrx_word' id='word_1_136' title='bbox 921 1585 1094 1649; x_wconf 83' lang='lat' dir='ltr'><strong><em>Glossator:</em></strong></span> <span class='ocrx_word' id='word_1_137' title='bbox 1128 1592 1209 1661; x_wconf 87' lang='lat' dir='ltr'><strong><em>certe</em></strong></span> <span class='ocrx_word' id='word_1_138' title='bbox 1242 1588 1280 1650; x_wconf 84' lang='lat' dir='ltr'><strong><em>ml</em></strong></span> <span class='ocrx_word' id='word_1_139' title='bbox 1309 1587 1387 1650; x_wconf 80' lang='lat' dir='ltr'><strong><em>Dirae</em></strong></span> 
     </span>
     <span class='ocr_line' id='line_1_15' title="bbox 134 1689 1386 1774; baseline -0.001 -22"><span class='ocrx_word' id='word_1_140' title='bbox 134 1691 239 1752; x_wconf 86' lang='lat' dir='ltr'><strong><em>nullam</em></strong></span> <span class='ocrx_word' id='word_1_141' title='bbox 260 1690 392 1768; x_wconf 79' lang='lat' dir='ltr'><strong><em>gloasam</em></strong></span> <span class='ocrx_word' id='word_1_142' title='bbox 415 1693 551 1771; x_wconf 87' lang='lat' dir='ltr'><strong><em>reperio,</em></strong></span> <span class='ocrx_word' id='word_1_143' title='bbox 576 1711 649 1774; x_wconf 86' lang='lat' dir='ltr'><strong><em>quae</em></strong></span> <span class='ocrx_word' id='word_1_144' title='bbox 672 1691 774 1751; x_wconf 75' lang='lat' dir='ltr'><strong><em>similia</em></strong></span> <span class='ocrx_word' id='word_1_145' title='bbox 796 1691 903 1752; x_wconf 79' lang='lat' dir='ltr'><strong><em>notatis</em></strong></span> <span class='ocrx_word' id='word_1_146' title='bbox 919 1708 938 1750; x_wconf 87' lang='lat' dir='ltr'><strong><em>a</em></strong></span> <span class='ocrx_word' id='word_1_147' title='bbox 955 1689 1111 1768; x_wconf 86' lang='lat' dir='ltr'><strong><em>Pomponio</em></strong></span> <span class='ocrx_word' id='word_1_148' title='bbox 1127 1692 1282 1754; x_wconf 85' lang='lat' dir='ltr'><strong><em>certodlci</em></strong></span> <span class='ocrx_word' id='word_1_149' title='bbox 1300 1698 1386 1772; x_wconf 79' lang='lat' dir='ltr'><strong><em>queat.</em></strong></span> 
     </span>
     <span class='ocr_line' id='line_1_16' title="bbox 134 1791 1385 1876; baseline 0 -22"><span class='ocrx_word' id='word_1_150' title='bbox 134 1791 182 1854; x_wconf 83' lang='lat' dir='ltr'><strong><em>De</em></strong></span> <span class='ocrx_word' id='word_1_151' title='bbox 205 1793 343 1854; x_wconf 83' lang='lat' dir='ltr'><strong><em>Tluorone</em></strong></span> <span class='ocrx_word' id='word_1_152' title='bbox 367 1794 507 1870; x_wconf 85' lang='lat' dir='ltr'><strong><em>Milieuc,</em></strong></span> <span class='ocrx_word' id='word_1_153' title='bbox 539 1812 622 1876; x_wconf 89' lang='lat' dir='ltr'><strong><em>quem</em></strong></span> <span class='ocrx_word' id='word_1_154' title='bbox 645 1793 744 1864; x_wconf 84' lang='lat' dir='ltr'><strong><em>Glosa.</em></strong></span> <span class='ocrx_word' id='word_1_155' title='bbox 770 1794 810 1856; x_wconf 89' lang='lat' dir='ltr'><strong><em>V.</em></strong></span> <span class='ocrx_word' id='word_1_156' title='bbox 833 1791 858 1855; x_wconf 88' lang='lat' dir='ltr'><strong><em>l.</em></strong></span> <span class='ocrx_word' id='word_1_157' title='bbox 882 1797 937 1855; x_wconf 85' lang='lat' dir='ltr'><strong><em>tam</em></strong></span> <span class='ocrx_word' id='word_1_158' title='bbox 960 1812 1050 1872; x_wconf 81' lang='lat' dir='ltr'><strong><em>saepe</em></strong></span> <span class='ocrx_word' id='word_1_159' title='bbox 1079 1792 1225 1873; x_wconf 78' lang='lat' dir='ltr'><strong><em>inculcat,</em></strong></span> <span class='ocrx_word' id='word_1_160' title='bbox 1257 1795 1320 1856; x_wconf 84' lang='lat' dir='ltr'><strong><em>dixi</em></strong></span> <span class='ocrx_word' id='word_1_161' title='bbox 1340 1813 1385 1854; x_wconf 83' lang='lat' dir='ltr'><strong><em>aa·</em></strong></span> 
     </span>
     <span class='ocr_line' id='line_1_17' title="bbox 134 1892 1384 1979; baseline 0.001 -24"><span class='ocrx_word' id='word_1_162' title='bbox 134 1914 198 1974; x_wconf 86' lang='lat' dir='ltr'><strong><em>pra.</em></strong></span> <span class='ocrx_word' id='word_1_163' title='bbox 244 1892 419 1974; x_wconf 86' lang='lat' dir='ltr'><strong><em>Caeterum,</em></strong></span> <span class='ocrx_word' id='word_1_164' title='bbox 442 1897 517 1979; x_wconf 86' lang='lat' dir='ltr'><strong><em>quod</em></strong></span> <span class='ocrx_word' id='word_1_165' title='bbox 536 1894 673 1959; x_wconf 84' lang='lat' dir='ltr'><strong><em>Catonem</em></strong></span> <span class='ocrx_word' id='word_1_166' title='bbox 697 1897 803 1957; x_wconf 90' lang='lat' dir='ltr'><strong><em>attinet</em></strong></span> <span class='ocrx_word' id='word_1_167' title='bbox 809 1938 821 1972; x_wconf 90' lang='lat'><strong><em>,</em></strong></span> <span class='ocrx_word' id='word_1_168' title='bbox 846 1895 920 1975; x_wconf 88' lang='lat' dir='ltr'><strong><em>hoc,</em></strong></span> <span class='ocrx_word' id='word_1_169' title='bbox 943 1899 1061 1975; x_wconf 87' lang='lat' dir='ltr'><strong><em>praeter</em></strong></span> <span class='ocrx_word' id='word_1_170' title='bbox 1082 1915 1167 1957; x_wconf 92' lang='lat' dir='ltr'><strong><em>unum</em></strong></span> <span class='ocrx_word' id='word_1_171' title='bbox 1191 1898 1323 1959; x_wconf 68' lang='lat' dir='ltr'><strong><em>codicem</em></strong></span> <span class='ocrx_word' id='word_1_172' title='bbox 1340 1915 1384 1956; x_wconf 82' lang='lat' dir='ltr'><strong><em>raa.</em></strong></span> 
     </span>
     <span class='ocr_line' id='line_1_18' title="bbox 133 1997 1386 2080; baseline 0.001 -20"><span class='ocrx_word' id='word_1_173' title='bbox 133 1997 318 2076; x_wconf 84' lang='lat' dir='ltr'><strong><em>Mediceum,</em></strong></span> <span class='ocrx_word' id='word_1_174' title='bbox 341 2004 369 2061; x_wconf 87' lang='lat' dir='ltr'><strong><em>et</em></strong></span> <span class='ocrx_word' id='word_1_175' title='bbox 392 2005 508 2078; x_wconf 85' lang='lat' dir='ltr'><strong><em>praeter</em></strong></span> <span class='ocrx_word' id='word_1_176' title='bbox 531 2001 680 2062; x_wconf 75' lang='lat' dir='ltr'><strong><em>conamina</em></strong></span> <span class='ocrx_word' id='word_1_177' title='bbox 703 1999 854 2077; x_wconf 86' lang='lat' dir='ltr'><strong><em>Pomponii</em></strong></span> <span class='ocrx_word' id='word_1_178' title='bbox 890 1999 1081 2080; x_wconf 74' lang='lat' dir='ltr'><strong><em>Domitiique,</em></strong></span> <span class='ocrx_word' id='word_1_179' title='bbox 1110 1999 1280 2080; x_wconf 87' lang='lat' dir='ltr'><strong><em>exemplum</em></strong></span> <span class='ocrx_word' id='word_1_180' title='bbox 1303 2000 1386 2061; x_wconf 81' lang='lat' dir='ltr'><strong><em>lrairo</em></strong></span> 
     </span>
     <span class='ocr_line' id='line_1_19' title="bbox 133 2100 1384 2189; baseline 0.002 -27"><span class='ocrx_word' id='word_1_181' title='bbox 133 2105 262 2162; x_wconf 83' lang='lat' dir='ltr'><strong><em>tentatae</em></strong></span> <span class='ocrx_word' id='word_1_182' title='bbox 285 2101 313 2160; x_wconf 93' lang='lat' dir='ltr'><strong><em>in</em></strong></span> <span class='ocrx_word' id='word_1_183' title='bbox 338 2102 503 2164; x_wconf 87' lang='lat' dir='ltr'><strong><em>dii&#39;licillimo</em></strong></span> <span class='ocrx_word' id='word_1_184' title='bbox 526 2106 613 2182; x_wconf 88' lang='lat' dir='ltr'><strong><em>poeta</em></strong></span> <span class='ocrx_word' id='word_1_185' title='bbox 635 2102 900 2189; x_wconf 73' lang='lat' dir='ltr'><strong><em>interpretationis,</em></strong></span> <span class='ocrx_word' id='word_1_186' title='bbox 925 2100 974 2162; x_wconf 88' lang='lat' dir='ltr'><strong><em>illu</em></strong></span> <span class='ocrx_word' id='word_1_187' title='bbox 997 2101 1107 2183; x_wconf 84' lang='lat' dir='ltr'><strong><em>quidem</em></strong></span> <span class='ocrx_word' id='word_1_188' title='bbox 1130 2105 1248 2177; x_wconf 88' lang='lat' dir='ltr'><strong><em>aetate,</em></strong></span> <span class='ocrx_word' id='word_1_189' title='bbox 1273 2104 1384 2164; x_wconf 83' lang='lat' dir='ltr'><strong><em>noicuu.</em></strong></span> 
     </span>
     <span class='ocr_line' id='line_1_20' title="bbox 134 2203 1385 2287; baseline 0.002 -23"><span class='ocrx_word' id='word_1_190' title='bbox 134 2203 291 2265; x_wconf 85' lang='lat' dir='ltr'><strong><em>Praeterea</em></strong></span> <span class='ocrx_word' id='word_1_191' title='bbox 312 2204 363 2266; x_wconf 90' lang='lat' dir='ltr'><strong><em>ille</em></strong></span> <span class='ocrx_word' id='word_1_192' title='bbox 385 2224 442 2266; x_wconf 93' lang='lat' dir='ltr'><strong><em>non</em></strong></span> <span class='ocrx_word' id='word_1_193' title='bbox 472 2207 588 2284; x_wconf 80' lang='lat' dir='ltr'><strong><em>ineptus</em></strong></span> <span class='ocrx_word' id='word_1_194' title='bbox 611 2204 714 2281; x_wconf 87' lang='lat' dir='ltr'><strong><em>homo,</em></strong></span> <span class='ocrx_word' id='word_1_195' title='bbox 742 2224 825 2286; x_wconf 90' lang='lat' dir='ltr'><strong><em>quum</em></strong></span> <span class='ocrx_word' id='word_1_196' title='bbox 848 2222 905 2264; x_wconf 92' lang='lat' dir='ltr'><strong><em>non</em></strong></span> <span class='ocrx_word' id='word_1_197' title='bbox 929 2209 1009 2266; x_wconf 87' lang='lat' dir='ltr'><strong><em>recie</em></strong></span> <span class='ocrx_word' id='word_1_198' title='bbox 1031 2205 1192 2283; x_wconf 87' lang='lat' dir='ltr'><strong><em>procedere</em></strong></span> <span class='ocrx_word' id='word_1_199' title='bbox 1215 2206 1324 2287; x_wconf 81' lang='lat' dir='ltr'><strong><em>uirique</em></strong></span> <span class='ocrx_word' id='word_1_200' title='bbox 1344 2207 1385 2266; x_wconf 89' lang='lat' dir='ltr'><strong><em>in·</em></strong></span> 
     </span>
     <span class='ocr_line' id='line_1_21' title="bbox 133 2308 1383 2387; baseline 0.002 -19"><span class='ocrx_word' id='word_1_201' title='bbox 133 2309 370 2386; x_wconf 87' lang='lat' dir='ltr'><strong><em>terpretationenr</em></strong></span> <span class='ocrx_word' id='word_1_202' title='bbox 393 2310 536 2381; x_wconf 81' lang='lat' dir='ltr'><strong><em>sentiret,</em></strong></span> <span class='ocrx_word' id='word_1_203' title='bbox 570 2313 600 2370; x_wconf 86' lang='lat' dir='ltr'><strong><em>ei</em></strong></span> <span class='ocrx_word' id='word_1_204' title='bbox 628 2309 656 2369; x_wconf 93' lang='lat' dir='ltr'><strong><em>in</em></strong></span> <span class='ocrx_word' id='word_1_205' title='bbox 686 2309 851 2368; x_wconf 87' lang='lat' dir='ltr'><strong><em>universum</em></strong></span> <span class='ocrx_word' id='word_1_206' title='bbox 881 2311 961 2368; x_wconf 88' lang='lat' dir='ltr'><strong><em>recte</em></strong></span> <span class='ocrx_word' id='word_1_207' title='bbox 989 2308 1214 2387; x_wconf 84' lang='lat' dir='ltr'><strong><em>pronunciavit:</em></strong></span> <span class='ocrx_word' id='word_1_208' title='bbox 1249 2310 1383 2372; x_wconf 79' lang='lat' dir='ltr'><strong><em>terram</em></strong></span> 
     </span>
     <span class='ocr_line' id='line_1_22' title="bbox 134 2407 1384 2492; baseline 0.003 -24"><span class='ocrx_word' id='word_1_209' title='bbox 134 2419 193 2471; x_wconf 84' lang='lat' dir='ltr'><strong><em>moa</em></strong></span> <span class='ocrx_word' id='word_1_210' title='bbox 215 2421 265 2472; x_wconf 86' lang='lat' dir='ltr'><strong><em>eet</em></strong></span> <span class='ocrx_word' id='word_1_211' title='bbox 284 2411 376 2492; x_wconf 81' lang='lat' dir='ltr'><strong><em>plear</em></strong></span> <span class='ocrx_word' id='word_1_212' title='bbox 398 2413 575 2489; x_wconf 83' lang='lat' dir='ltr'><strong><em>emeorlcta,</em></strong></span> <span class='ocrx_word' id='word_1_213' title='bbox 599 2410 675 2492; x_wconf 82' lang='lat' dir='ltr'><strong><em>quod</em></strong></span> <span class='ocrx_word' id='word_1_214' title='bbox 699 2414 771 2470; x_wconf 85' lang='lat' dir='ltr'><strong><em>saue</em></strong></span> <span class='ocrx_word' id='word_1_215' title='bbox 793 2410 974 2470; x_wconf 82' lang='lat' dir='ltr'><strong><em>verissimum</em></strong></span> <span class='ocrx_word' id='word_1_216' title='bbox 996 2409 1033 2471; x_wconf 84' lang='lat' dir='ltr'><strong><em>rie</em></strong></span> <span class='ocrx_word' id='word_1_217' title='bbox 1054 2407 1109 2470; x_wconf 88' lang='lat' dir='ltr'><strong><em>hac</em></strong></span> <span class='ocrx_word' id='word_1_218' title='bbox 1131 2411 1264 2472; x_wconf 82' lang='lat' dir='ltr'><strong><em>alitione</em></strong></span> <span class='ocrx_word' id='word_1_219' title='bbox 1280 2412 1384 2475; x_wconf 84' lang='lat' dir='ltr'><strong><em>Veneta</em></strong></span> 
     </span>
     <span class='ocr_line' id='line_1_23' title="bbox 134 2511 1383 2595; baseline 0.003 -23"><span class='ocrx_word' id='word_1_220' title='bbox 134 2511 270 2590; x_wconf 83' lang='lat' dir='ltr'><strong><em>iensoul,</em></strong></span> <span class='ocrx_word' id='word_1_221' title='bbox 294 2533 375 2595; x_wconf 89' lang='lat' dir='ltr'><strong><em>quarn</em></strong></span> <span class='ocrx_word' id='word_1_222' title='bbox 398 2513 528 2575; x_wconf 82' lang='lat' dir='ltr'><strong><em>manibus</em></strong></span> <span class='ocrx_word' id='word_1_223' title='bbox 551 2515 672 2576; x_wconf 85' lang='lat' dir='ltr'><strong><em>tenebat</em></strong></span> <span class='ocrx_word' id='word_1_224' title='bbox 694 2512 868 2589; x_wconf 77' lang='lat' dir='ltr'><strong><em>Glossator,</em></strong></span> <span class='ocrx_word' id='word_1_225' title='bbox 899 2517 929 2574; x_wconf 91' lang='lat' dir='ltr'><strong><em>et</em></strong></span> <span class='ocrx_word' id='word_1_226' title='bbox 951 2513 1016 2591; x_wconf 81' lang='lat' dir='ltr'><strong><em>ipse</em></strong></span> <span class='ocrx_word' id='word_1_227' title='bbox 1037 2517 1126 2574; x_wconf 89' lang='lat' dir='ltr'><strong><em>artem</em></strong></span> <span class='ocrx_word' id='word_1_228' title='bbox 1149 2514 1284 2575; x_wconf 82' lang='lat' dir='ltr'><strong><em>criticam</em></strong></span> <span class='ocrx_word' id='word_1_229' title='bbox 1305 2511 1383 2576; x_wconf 79' lang='lat' dir='ltr'><strong><em>lacti·</em></strong></span> 
     </span>
     <span class='ocr_line' id='line_1_24' title="bbox 134 2614 1383 2699; baseline 0 -22"><span class='ocrx_word' id='word_1_230' title='bbox 134 2617 226 2692; x_wconf 84' lang='lat' dir='ltr'><strong><em>tavit,</em></strong></span> <span class='ocrx_word' id='word_1_231' title='bbox 249 2615 389 2699; x_wconf 84' lang='lat' dir='ltr'><strong><em>locosque</em></strong></span> <span class='ocrx_word' id='word_1_232' title='bbox 411 2635 468 2680; x_wconf 93' lang='lat' dir='ltr'><strong><em>non</em></strong></span> <span class='ocrx_word' id='word_1_233' title='bbox 490 2636 621 2698; x_wconf 82' lang='lat' dir='ltr'><strong><em>paucos,</em></strong></span> <span class='ocrx_word' id='word_1_234' title='bbox 645 2620 747 2696; x_wconf 89' lang='lat' dir='ltr'><strong><em>partim</em></strong></span> <span class='ocrx_word' id='word_1_235' title='bbox 770 2634 810 2676; x_wconf 86' lang='lat' dir='ltr'><strong><em>ex</em></strong></span> <span class='ocrx_word' id='word_1_236' title='bbox 831 2614 897 2677; x_wconf 84' lang='lat' dir='ltr'><strong><em>aliis</em></strong></span> <span class='ocrx_word' id='word_1_237' title='bbox 920 2615 1003 2677; x_wconf 87' lang='lat' dir='ltr'><strong><em>libris</em></strong></span> <span class='ocrx_word' id='word_1_238' title='bbox 1021 2615 1125 2692; x_wconf 82' lang='lat' dir='ltr'><strong><em>editis,</em></strong></span> <span class='ocrx_word' id='word_1_239' title='bbox 1149 2619 1256 2695; x_wconf 88' lang='lat' dir='ltr'><strong><em>partim</em></strong></span> <span class='ocrx_word' id='word_1_240' title='bbox 1280 2637 1317 2679; x_wconf 87' lang='lat' dir='ltr'><strong><em>ex</em></strong></span> <span class='ocrx_word' id='word_1_241' title='bbox 1338 2635 1383 2679; x_wconf 84' lang='lat' dir='ltr'><strong><em>eor</em></strong></span> 
     </span>
     <span class='ocr_line' id='line_1_25' title="bbox 134 2716 1426 2802; baseline 0.003 -24"><span class='ocrx_word' id='word_1_242' title='bbox 134 2716 291 2779; x_wconf 86' lang='lat' dir='ltr'><strong><em>aliorumve</em></strong></span> <span class='ocrx_word' id='word_1_243' title='bbox 314 2721 499 2798; x_wconf 85' lang='lat' dir='ltr'><strong><em>coniectura,</em></strong></span> <span class='ocrx_word' id='word_1_244' title='bbox 528 2723 560 2782; x_wconf 90' lang='lat' dir='ltr'><strong><em>et</em></strong></span> <span class='ocrx_word' id='word_1_245' title='bbox 583 2739 664 2782; x_wconf 89' lang='lat' dir='ltr'><strong><em>onum</em></strong></span> <span class='ocrx_word' id='word_1_246' title='bbox 688 2721 800 2802; x_wconf 87' lang='lat' dir='ltr'><strong><em>quidem</em></strong></span> <span class='ocrx_word' id='word_1_247' title='bbox 824 2719 999 2801; x_wconf 85' lang='lat' dir='ltr'><strong><em>alterumque</em></strong></span> <span class='ocrx_word' id='word_1_248' title='bbox 1021 2718 1167 2798; x_wconf 81' lang='lat' dir='ltr'><strong><em>perbene,</em></strong></span> <span class='ocrx_word' id='word_1_249' title='bbox 1191 2722 1323 2783; x_wconf 87' lang='lat' dir='ltr'><strong><em>correxit</em></strong></span> <span class='ocrx_word' id='word_1_250' title='bbox 1341 2725 1383 2782; x_wconf 85' lang='lat' dir='ltr'><strong><em>ai-</em></strong></span> <span class='ocrx_word' id='word_1_251' title='bbox 1423 2788 1426 2795; x_wconf 94' lang='lat'><em>.</em></span> 
     </span>
     <span class='ocr_line' id='line_1_26' title="bbox 135 2821 1382 2905; baseline 0.003 -23"><span class='ocrx_word' id='word_1_252' title='bbox 135 2840 190 2902; x_wconf 91' lang='lat' dir='ltr'><strong><em>qne</em></strong></span> <span class='ocrx_word' id='word_1_253' title='bbox 213 2823 351 2884; x_wconf 86' lang='lat' dir='ltr'><strong><em>retinxit:</em></strong></span> <span class='ocrx_word' id='word_1_254' title='bbox 374 2822 541 2905; x_wconf 84' lang='lat' dir='ltr'><strong><em>plerumque</em></strong></span> <span class='ocrx_word' id='word_1_255' title='bbox 564 2825 622 2901; x_wconf 90' lang='lat' dir='ltr'><strong><em>ita,</em></strong></span> <span class='ocrx_word' id='word_1_256' title='bbox 646 2828 677 2885; x_wconf 93' lang='lat' dir='ltr'><strong><em>ut</em></strong></span> <span class='ocrx_word' id='word_1_257' title='bbox 698 2824 803 2883; x_wconf 68' lang='lat' dir='ltr'><strong><em>orditam</em></strong></span> <span class='ocrx_word' id='word_1_258' title='bbox 825 2822 863 2883; x_wconf 85' lang='lat' dir='ltr'><strong><em>ab</em></strong></span> <span class='ocrx_word' id='word_1_259' title='bbox 886 2821 1013 2883; x_wconf 84' lang='lat' dir='ltr'><strong><em>leusono</em></strong></span> <span class='ocrx_word' id='word_1_260' title='bbox 1035 2823 1210 2900; x_wconf 85' lang='lat' dir='ltr'><strong><em>scripturam</em></strong></span> <span class='ocrx_word' id='word_1_261' title='bbox 1233 2823 1382 2902; x_wconf 81' lang='lat' dir='ltr'><strong><em>deleverit,</em></strong></span> 
     </span>
     <span class='ocr_line' id='line_1_27' title="bbox 135 2925 1184 3010; baseline 0.002 -26"><span class='ocrx_word' id='word_1_262' title='bbox 135 2928 165 2985; x_wconf 90' lang='lat' dir='ltr'><strong><em>et</em></strong></span> <span class='ocrx_word' id='word_1_263' title='bbox 188 2943 241 3004; x_wconf 90' lang='lat' dir='ltr'><strong><em>pro</em></strong></span> <span class='ocrx_word' id='word_1_264' title='bbox 264 2944 299 2985; x_wconf 83' lang='lat' dir='ltr'><strong><em>ea</em></strong></span> <span class='ocrx_word' id='word_1_265' title='bbox 321 2927 486 3005; x_wconf 82' lang='lat' dir='ltr'><strong><em>reposuerit</em></strong></span> <span class='ocrx_word' id='word_1_266' title='bbox 513 2945 603 2988; x_wconf 87' lang='lat' dir='ltr'><strong><em>suam.</em></strong></span> <span class='ocrx_word' id='word_1_267' title='bbox 649 2926 732 3010; x_wconf 81' lang='lat' dir='ltr'><strong><em>Quae</em></strong></span> <span class='ocrx_word' id='word_1_268' title='bbox 754 2925 847 2986; x_wconf 83' lang='lat' dir='ltr'><strong><em>omnia</em></strong></span> <span class='ocrx_word' id='word_1_269' title='bbox 868 2925 1025 3004; x_wconf 80' lang='lat' dir='ltr'><strong><em>diligenter</em></strong></span> <span class='ocrx_word' id='word_1_270' title='bbox 1048 2925 1184 2988; x_wconf 75' lang='lat' dir='ltr'><strong><em>indicavi.</em></strong></span> 
     </span>
    </p>
   </div>
   <div class='ocr_carea' id='block_1_3' title="bbox 135 3233 1382 3418">
    <p class='ocr_par' dir='ltr' id='par_1_3' title="bbox 135 3233 1382 3418">
     <span class='ocr_line' id='line_1_28' title="bbox 200 3233 1380 3334; baseline 0.001 -38"><span class='ocrx_word' id='word_1_271' title='bbox 200 3233 338 3296; x_wconf 86' lang='lat' dir='ltr'><strong><em>Proxima</em></strong></span> <span class='ocrx_word' id='word_1_272' title='bbox 361 3235 466 3299; x_wconf 84' lang='lat' dir='ltr'><strong><em>eminet</em></strong></span> <span class='ocrx_word' id='word_1_273' title='bbox 471 3277 483 3312; x_wconf 94' lang='lat'><strong><em>,</em></strong></span> <span class='ocrx_word' id='word_1_274' title='bbox 507 3236 609 3334; x_wconf 77' lang='lat' dir='ltr'><strong><em>colem</em></strong></span> <span class='ocrx_word' id='word_1_275' title='bbox 631 3255 728 3311; x_wconf 82' lang='lat' dir='ltr'><strong><em>anno,</em></strong></span> <span class='ocrx_word' id='word_1_276' title='bbox 758 3254 815 3318; x_wconf 87' lang='lat' dir='ltr'><strong><em>quo</em></strong></span> <span class='ocrx_word' id='word_1_277' title='bbox 837 3237 924 3298; x_wconf 84' lang='lat' dir='ltr'><strong><em>binae</em></strong></span> <span class='ocrx_word' id='word_1_278' title='bbox 946 3235 1021 3298; x_wconf 82' lang='lat' dir='ltr'><strong><em>istae</em></strong></span> <span class='ocrx_word' id='word_1_279' title='bbox 1043 3237 1179 3299; x_wconf 83' lang='lat' dir='ltr'><strong><em>Venetae</em></strong></span> <span class='ocrx_word' id='word_1_280' title='bbox 1201 3236 1380 3316; x_wconf 76' lang='lat' dir='ltr'><strong><em>prodierunt,</em></strong></span> 
     </span>
     <span class='ocr_line' id='line_1_29' title="bbox 135 3338 1382 3418; baseline -0.001 -17"><span class='ocrx_word' id='word_1_281' title='bbox 135 3339 233 3411; x_wconf 86' lang='lat' dir='ltr'><strong><em>edita,</em></strong></span> <span class='ocrx_word' id='word_1_282' title='bbox 259 3338 360 3400; x_wconf 87' lang='lat' dir='ltr'><strong><em>saltem</em></strong></span> <span class='ocrx_word' id='word_1_283' title='bbox 384 3346 544 3418; x_wconf 90' lang='lat' dir='ltr'><strong><em>exparte,</em></strong></span> <span class='ocrx_word' id='word_1_284' title='bbox 569 3340 800 3416; x_wconf 80' lang='lat' dir='ltr'><strong><em>Lovonieocie,</em></strong></span> <span class='ocrx_word' id='word_1_285' title='bbox 824 3339 931 3401; x_wconf 79' lang='lat' dir='ltr'><strong><em>litteris</em></strong></span> <span class='ocrx_word' id='word_1_286' title='bbox 954 3338 1085 3416; x_wconf 76' lang='lat' dir='ltr'><strong><em>gothicis</em></strong></span> <span class='ocrx_word' id='word_1_287' title='bbox 1107 3339 1160 3400; x_wconf 84' lang='lat' dir='ltr'><strong><em>sel</em></strong></span> <span class='ocrx_word' id='word_1_288' title='bbox 1184 3341 1222 3400; x_wconf 82' lang='lat' dir='ltr'><strong><em>iis</em></strong></span> <span class='ocrx_word' id='word_1_289' title='bbox 1246 3359 1304 3401; x_wconf 93' lang='lat' dir='ltr'><strong><em>non</em></strong></span> <span class='ocrx_word' id='word_1_290' title='bbox 1324 3339 1382 3400; x_wconf 91' lang='lat' dir='ltr'><strong><em>inii·</em></strong></span> 
     </span>
    </p>
   </div>
   <div class='ocr_carea' id='block_1_4' title="bbox 32 3441 1381 3524">
    <p class='ocr_par' dir='ltr' id='par_1_4' title="bbox 32 3441 1381 3524">
     <span class='ocr_line' id='line_1_30' title="bbox 32 3441 1381 3524; baseline -0.001 -20"><span class='ocrx_word' id='word_1_291' title='bbox 32 3450 35 3455; x_wconf 82' lang='lat'>&#39;</span> <span class='ocrx_word' id='word_1_292' title='bbox 134 3444 228 3518; x_wconf 81' lang='lat' dir='ltr'><strong><em>celia,</em></strong></span> <span class='ocrx_word' id='word_1_293' title='bbox 253 3447 282 3504; x_wconf 87' lang='lat' dir='ltr'><strong><em>et</em></strong></span> <span class='ocrx_word' id='word_1_294' title='bbox 306 3443 420 3502; x_wconf 77' lang='lat' dir='ltr'><strong><em>onrnino</em></strong></span> <span class='ocrx_word' id='word_1_295' title='bbox 444 3444 517 3503; x_wconf 80' lang='lat' dir='ltr'><strong><em>eatis</em></strong></span> <span class='ocrx_word' id='word_1_296' title='bbox 541 3449 675 3503; x_wconf 90' lang='lat' dir='ltr'><strong><em>accurate</em></strong></span> <span class='ocrx_word' id='word_1_297' title='bbox 697 3462 732 3511; x_wconf 85' lang='lat' dir='ltr'><strong><em>ae</em></strong></span> <span class='ocrx_word' id='word_1_298' title='bbox 755 3443 914 3503; x_wconf 82' lang='lat' dir='ltr'><strong><em>liberaliter</em></strong></span> <span class='ocrx_word' id='word_1_299' title='bbox 937 3444 1088 3522; x_wconf 80' lang='lat' dir='ltr'><strong><em>impressa.</em></strong></span> <span class='ocrx_word' id='word_1_300' title='bbox 1133 3444 1189 3505; x_wconf 79' lang='lat' dir='ltr'><strong><em>Est</em></strong></span> <span class='ocrx_word' id='word_1_301' title='bbox 1213 3463 1290 3524; x_wconf 80' lang='lat' dir='ltr'><strong><em>opos</em></strong></span> <span class='ocrx_word' id='word_1_302' title='bbox 1312 3441 1381 3518; x_wconf 86' lang='lat' dir='ltr'><strong><em>illul,</em></strong></span> 
     </span>
    </p>
   </div>
   <div class='ocr_carea' id='block_1_5' title="bbox 132 3528 1384 4559">
    <p class='ocr_par' dir='ltr' id='par_1_5' title="bbox 132 3528 1384 4559">
     <span class='ocr_line' id='line_1_31' title="bbox 134 3528 1382 3626; baseline 0 -22"><span class='ocrx_word' id='word_1_303' title='bbox 134 3546 215 3626; x_wconf 87' lang='lat' dir='ltr'><strong><em>qnod·</em></strong></span> <span class='ocrx_word' id='word_1_304' title='bbox 232 3547 362 3606; x_wconf 81' lang='lat' dir='ltr'><strong><em>nraoibaa</em></strong></span> <span class='ocrx_word' id='word_1_305' title='bbox 385 3528 489 3623; x_wconf 81' lang='lat' dir='ltr'><strong><em>teneo,</em></strong></span> <span class='ocrx_word' id='word_1_306' title='bbox 513 3545 619 3607; x_wconf 87' lang='lat' dir='ltr'><strong><em>illatum</em></strong></span> <span class='ocrx_word' id='word_1_307' title='bbox 643 3547 671 3605; x_wconf 89' lang='lat' dir='ltr'><strong><em>in</em></strong></span> <span class='ocrx_word' id='word_1_308' title='bbox 696 3544 903 3608; x_wconf 83' lang='lat' dir='ltr'><strong><em>Bibliothecam</em></strong></span> <span class='ocrx_word' id='word_1_309' title='bbox 928 3545 1135 3608; x_wconf 80' lang='lat' dir='ltr'><strong><em>Universitatia</em></strong></span> <span class='ocrx_word' id='word_1_310' title='bbox 1150 3545 1314 3609; x_wconf 83' lang='lat' dir='ltr'><strong><em>Rhenauae</em></strong></span> <span class='ocrx_word' id='word_1_311' title='bbox 1329 3564 1382 3609; x_wconf 80' lang='lat' dir='ltr'><strong><em>cura</em></strong></span> 
     </span>
     <span class='ocr_line' id='line_1_32' title="bbox 133 3646 1383 3731; baseline 0.002 -24"><span class='ocrx_word' id='word_1_312' title='bbox 133 3646 218 3707; x_wconf 87' lang='lat' dir='ltr'><strong><em>libris</em></strong></span> <span class='ocrx_word' id='word_1_313' title='bbox 241 3648 385 3716; x_wconf 81' lang='lat' dir='ltr'><strong><em>Harlesii.</em></strong></span> <span class='ocrx_word' id='word_1_314' title='bbox 411 3649 586 3729; x_wconf 89' lang='lat' dir='ltr'><strong><em>bipartitum.</em></strong></span> <span class='ocrx_word' id='word_1_315' title='bbox 632 3651 729 3712; x_wconf 82' lang='lat' dir='ltr'><strong><em>Partis</em></strong></span> <span class='ocrx_word' id='word_1_316' title='bbox 751 3651 873 3728; x_wconf 83' lang='lat' dir='ltr'><strong><em>prioris,</em></strong></span> <span class='ocrx_word' id='word_1_317' title='bbox 898 3668 970 3731; x_wconf 86' lang='lat' dir='ltr'><strong><em>qnae</em></strong></span> <span class='ocrx_word' id='word_1_318' title='bbox 993 3649 1149 3726; x_wconf 87' lang='lat' dir='ltr'><strong><em>Bucolica,</em></strong></span> <span class='ocrx_word' id='word_1_319' title='bbox 1170 3649 1338 3728; x_wconf 83' lang='lat' dir='ltr'><strong><em>Georgica,</em></strong></span> <span class='ocrx_word' id='word_1_320' title='bbox 1358 3651 1383 3710; x_wconf 92' lang='lat' dir='ltr'><strong><em>et</em></strong></span> 
     </span>
     <span class='ocr_line' id='line_1_33' title="bbox 134 3747 1383 3832; baseline 0.006 -22"><span class='ocrx_word' id='word_1_321' title='bbox 134 3747 283 3827; x_wconf 83' lang='lat' dir='ltr'><strong><em>Opuacula</em></strong></span> <span class='ocrx_word' id='word_1_322' title='bbox 316 3751 451 3813; x_wconf 89' lang='lat' dir='ltr'><strong><em>nonnulla</em></strong></span> <span class='ocrx_word' id='word_1_323' title='bbox 465 3779 468 3783; x_wconf 50' lang='lat'><strong><em>¹</em></strong></span> <span class='ocrx_word' id='word_1_324' title='bbox 484 3753 629 3828; x_wconf 88' lang='lat' dir='ltr'><strong><em>continet,</em></strong></span> <span class='ocrx_word' id='word_1_325' title='bbox 659 3754 790 3814; x_wconf 74' lang='lat' dir='ltr'><strong><em>initiumz</em></strong></span> <span class='ocrx_word' id='word_1_326' title='bbox 820 3752 928 3814; x_wconf 81' lang='lat' dir='ltr'><strong><em>Pollii</em></strong></span> <span class='ocrx_word' id='word_1_327' title='bbox 951 3753 1077 3832; x_wconf 84' lang='lat' dir='ltr'><strong><em>Uirpilii</em></strong></span> <span class='ocrx_word' id='word_1_328' title='bbox 1098 3753 1253 3816; x_wconf 80' lang='lat' dir='ltr'><strong><em>Maronia</em></strong></span> <span class='ocrx_word' id='word_1_329' title='bbox 1275 3754 1383 3817; x_wconf 64' lang='lat' dir='ltr'><strong><em>moti</em></strong></span> 
     </span>
     <span class='ocr_line' id='line_1_34' title="bbox 133 3855 1383 3939; baseline 0.003 -25"><span class='ocrx_word' id='word_1_330' title='bbox 133 3871 235 3914; x_wconf 84' lang='lat' dir='ltr'><strong><em>coram</em></strong></span> <span class='ocrx_word' id='word_1_331' title='bbox 255 3857 357 3933; x_wconf 86' lang='lat' dir='ltr'><strong><em>primo</em></strong></span> <span class='ocrx_word' id='word_1_332' title='bbox 379 3855 491 3937; x_wconf 82' lang='lat' dir='ltr'><strong><em>eplopc</em></strong></span> <span class='ocrx_word' id='word_1_333' title='bbox 512 3858 628 3939; x_wconf 85' lang='lat' dir='ltr'><strong><em>Incipit</em></strong></span> <span class='ocrx_word' id='word_1_334' title='bbox 647 3858 786 3938; x_wconf 77' lang='lat' dir='ltr'><strong><em>feliciter</em></strong></span> <span class='ocrx_word' id='word_1_335' title='bbox 829 3856 988 3920; x_wconf 79' lang='lat' dir='ltr'><strong><em>Melitene</em></strong></span> <span class='ocrx_word' id='word_1_336' title='bbox 1004 3857 1132 3919; x_wconf 71' lang='lat' dir='ltr'><strong><em>Tilirve-</em></strong></span> <span class='ocrx_word' id='word_1_337' title='bbox 1179 3855 1383 3935; x_wconf 70' lang='lat' dir='ltr'><strong><em>Georgicorum</em></strong></span> 
     </span>
     <span class='ocr_line' id='line_1_35' title="bbox 132 3953 1383 4038; baseline 0.005 -22"><span class='ocrx_word' id='word_1_338' title='bbox 132 3953 216 4016; x_wconf 84' lang='lat' dir='ltr'><strong><em>libris</em></strong></span> <span class='ocrx_word' id='word_1_339' title='bbox 240 3956 366 4032; x_wconf 80' lang='lat' dir='ltr'><strong><em>singulis</em></strong></span> <span class='ocrx_word' id='word_1_340' title='bbox 388 3959 517 4036; x_wconf 85' lang='lat' dir='ltr'><strong><em>praelixa</em></strong></span> <span class='ocrx_word' id='word_1_341' title='bbox 539 3964 607 4019; x_wconf 81' lang='lat' dir='ltr'><strong><em>sont</em></strong></span> <span class='ocrx_word' id='word_1_342' title='bbox 629 3959 812 4036; x_wconf 82' lang='lat' dir='ltr'><strong><em>Argumenta</em></strong></span> <span class='ocrx_word' id='word_1_343' title='bbox 841 3958 1031 4035; x_wconf 84' lang='lat' dir='ltr'><strong><em>tetrasticha,</em></strong></span> <span class='ocrx_word' id='word_1_344' title='bbox 1064 3959 1091 4019; x_wconf 91' lang='lat' dir='ltr'><strong><em>in</em></strong></span> <span class='ocrx_word' id='word_1_345' title='bbox 1115 3958 1191 4021; x_wconf 79' lang='lat' dir='ltr'><strong><em>lilrro</em></strong></span> <span class='ocrx_word' id='word_1_346' title='bbox 1214 3961 1308 4038; x_wconf 87' lang='lat' dir='ltr'><strong><em>primo</em></strong></span> <span class='ocrx_word' id='word_1_347' title='bbox 1330 3977 1383 4022; x_wconf 74' lang='lat' dir='ltr'><strong><em>cu</em></strong></span> 
     </span>
     <span class='ocr_line' id='line_1_36' title="bbox 132 4046 1383 4146; baseline 0.005 -27"><span class='ocrx_word' id='word_1_348' title='bbox 132 4059 245 4119; x_wconf 86' lang='lat' dir='ltr'><strong><em>uomina</em></strong></span> <span class='ocrx_word' id='word_1_349' title='bbox 279 4059 399 4136; x_wconf 83' lang='lat' dir='ltr'><strong><em>Ovidii,</em></strong></span> <span class='ocrx_word' id='word_1_350' title='bbox 434 4062 463 4120; x_wconf 94' lang='lat' dir='ltr'><strong><em>in</em></strong></span> <span class='ocrx_word' id='word_1_351' title='bbox 497 4061 616 4144; x_wconf 76' lang='lat' dir='ltr'><strong><em>reliquis</em></strong></span> <span class='ocrx_word' id='word_1_352' title='bbox 646 4063 729 4124; x_wconf 86' lang='lat' dir='ltr'><strong><em>libris</em></strong></span> <span class='ocrx_word' id='word_1_353' title='bbox 761 4063 824 4124; x_wconf 81' lang='lat' dir='ltr'><strong><em>elne</em></strong></span> <span class='ocrx_word' id='word_1_354' title='bbox 851 4064 964 4125; x_wconf 86' lang='lat' dir='ltr'><strong><em>nornine</em></strong></span> <span class='ocrx_word' id='word_1_355' title='bbox 992 4063 1130 4124; x_wconf 84' lang='lat' dir='ltr'><strong><em>auctoris.</em></strong></span> <span class='ocrx_word' id='word_1_356' title='bbox 1160 4046 1266 4125; x_wconf 72' lang='lat' dir='ltr'><strong><em>&#39;uitro</em></strong></span> <span class='ocrx_word' id='word_1_357' title='bbox 1290 4067 1383 4146; x_wconf 80' lang='lat' dir='ltr'><strong><em>quarto</em></strong></span> 
     </span>
     <span class='ocr_line' id='line_1_37' title="bbox 132 4161 1384 4244; baseline 0.002 -20"><span class='ocrx_word' id='word_1_358' title='bbox 132 4161 343 4239; x_wconf 79' lang='lat' dir='ltr'><strong><em>Georgicorum</em></strong></span> <span class='ocrx_word' id='word_1_359' title='bbox 367 4163 500 4225; x_wconf 82' lang='lat' dir='ltr'><strong><em>subiecta</em></strong></span> <span class='ocrx_word' id='word_1_360' title='bbox 530 4171 597 4226; x_wconf 87' lang='lat' dir='ltr'><strong><em>sunt</em></strong></span> <span class='ocrx_word' id='word_1_361' title='bbox 627 4165 776 4244; x_wconf 83' lang='lat' dir='ltr'><strong><em>Opuseuia</em></strong></span> <span class='ocrx_word' id='word_1_362' title='bbox 804 4165 896 4242; x_wconf 83' lang='lat' dir='ltr'><strong><em>haec,</em></strong></span> <span class='ocrx_word' id='word_1_363' title='bbox 928 4171 959 4229; x_wconf 88' lang='lat' dir='ltr'><strong><em>et</em></strong></span> <span class='ocrx_word' id='word_1_364' title='bbox 987 4164 1044 4227; x_wconf 84' lang='lat' dir='ltr'><strong><em>hoc</em></strong></span> <span class='ocrx_word' id='word_1_365' title='bbox 1066 4167 1184 4242; x_wconf 82' lang='lat' dir='ltr'><strong><em>ordine,</em></strong></span> <span class='ocrx_word' id='word_1_366' title='bbox 1220 4166 1322 4230; x_wconf 83' lang='lat' dir='ltr'><strong><em>ethis</em></strong></span> <span class='ocrx_word' id='word_1_367' title='bbox 1343 4168 1384 4226; x_wconf 86' lang='lat' dir='ltr'><strong><em>ir·</em></strong></span> 
     </span>
     <span class='ocr_line' id='line_1_38' title="bbox 132 4264 1384 4353; baseline 0.005 -28"><span class='ocrx_word' id='word_1_368' title='bbox 132 4265 361 4344; x_wconf 79' lang='lat' dir='ltr'><strong><em>scriptionibua:</em></strong></span> <span class='ocrx_word' id='word_1_369' title='bbox 385 4264 491 4328; x_wconf 82' lang='lat' dir='ltr'><strong><em>Pollii</em></strong></span> <span class='ocrx_word' id='word_1_370' title='bbox 511 4273 647 4331; x_wconf 82' lang='lat' dir='ltr'><strong><em>maronia</em></strong></span> <span class='ocrx_word' id='word_1_371' title='bbox 671 4270 790 4349; x_wconf 81' lang='lat' dir='ltr'><strong><em>cirpilii</em></strong></span> <span class='ocrx_word' id='word_1_372' title='bbox 812 4290 933 4333; x_wconf 84' lang='lat' dir='ltr'><strong><em>carmen</em></strong></span> <span class='ocrx_word' id='word_1_373' title='bbox 955 4271 995 4332; x_wconf 82' lang='lat' dir='ltr'><strong><em>ele</em></strong></span> <span class='ocrx_word' id='word_1_374' title='bbox 1016 4289 1095 4352; x_wconf 85' lang='lat' dir='ltr'><strong><em>copo</em></strong></span> <span class='ocrx_word' id='word_1_375' title='bbox 1117 4273 1250 4353; x_wconf 83' lang='lat' dir='ltr'><strong><em>incipit3</em></strong></span> <span class='ocrx_word' id='word_1_376' title='bbox 1286 4269 1384 4335; x_wconf 81' lang='lat' dir='ltr'><strong><em>Pollii</em></strong></span> 
     </span>
     <span class='ocr_line' id='line_1_39' title="bbox 132 4369 1382 4454; baseline 0.006 -26"><span class='ocrx_word' id='word_1_377' title='bbox 132 4372 268 4431; x_wconf 83' lang='lat' dir='ltr'><strong><em>meronie</em></strong></span> <span class='ocrx_word' id='word_1_378' title='bbox 291 4370 411 4448; x_wconf 82' lang='lat' dir='ltr'><strong><em>cirpilii</em></strong></span> <span class='ocrx_word' id='word_1_379' title='bbox 433 4369 543 4432; x_wconf 71' lang='lat' dir='ltr'><strong><em>carme?</em></strong></span> <span class='ocrx_word' id='word_1_380' title='bbox 566 4372 604 4433; x_wconf 85' lang='lat' dir='ltr'><strong><em>rie</em></strong></span> <span class='ocrx_word' id='word_1_381' title='bbox 624 4381 675 4435; x_wconf 85' lang='lat' dir='ltr'><strong><em>eat</em></strong></span> <span class='ocrx_word' id='word_1_382' title='bbox 696 4369 721 4436; x_wconf 59' lang='lat' dir='ltr'><strong><em>e*</em></strong></span> <span class='ocrx_word' id='word_1_383' title='bbox 743 4369 789 4434; x_wconf 77' lang='lat' dir='ltr'><strong><em>ori</em></strong></span> <span class='ocrx_word' id='word_1_384' title='bbox 805 4373 936 4454; x_wconf 83' lang='lat' dir='ltr'><strong><em>incipit3</em></strong></span> <span class='ocrx_word' id='word_1_385' title='bbox 982 4372 1060 4436; x_wconf 84' lang='lat' dir='ltr'><strong><em>Pul.</em></strong></span> <span class='ocrx_word' id='word_1_386' title='bbox 1078 4393 1175 4436; x_wconf 84' lang='lat' dir='ltr'><strong><em>moro.</em></strong></span> <span class='ocrx_word' id='word_1_387' title='bbox 1195 4381 1258 4438; x_wconf 86' lang='lat' dir='ltr'><strong><em>cir.</em></strong></span> <span class='ocrx_word' id='word_1_388' title='bbox 1281 4376 1321 4438; x_wconf 81' lang='lat' dir='ltr'><strong><em>rie</em></strong></span> <span class='ocrx_word' id='word_1_389' title='bbox 1341 4378 1382 4437; x_wconf 84' lang='lat' dir='ltr'><strong><em>ia-</em></strong></span> 
     </span>
     <span class='ocr_line' id='line_1_40' title="bbox 133 4471 1383 4559; baseline 0.009 -25"><span class='ocrx_word' id='word_1_390' title='bbox 133 4473 292 4535; x_wconf 81' lang='lat' dir='ltr'><strong><em>atitotiooe</em></strong></span> <span class='ocrx_word' id='word_1_391' title='bbox 314 4471 384 4536; x_wconf 87' lang='lat' dir='ltr'><strong><em>inni</em></strong></span> <span class='ocrx_word' id='word_1_392' title='bbox 404 4476 470 4537; x_wconf 86' lang='lat' dir='ltr'><strong><em>ciri</em></strong></span> <span class='ocrx_word' id='word_1_393' title='bbox 491 4472 608 4557; x_wconf 81' lang='lat' dir='ltr'><strong><em>incipit</em></strong></span> <span class='ocrx_word' id='word_1_394' title='bbox 651 4474 731 4541; x_wconf 82' lang='lat' dir='ltr'><strong><em>Part.</em></strong></span> <span class='ocrx_word' id='word_1_395' title='bbox 749 4494 844 4540; x_wconf 85' lang='lat' dir='ltr'><strong><em>moro.</em></strong></span> <span class='ocrx_word' id='word_1_396' title='bbox 859 4479 952 4559; x_wconf 83' lang='lat' dir='ltr'><strong><em>cirpi.</em></strong></span> <span class='ocrx_word' id='word_1_397' title='bbox 964 4495 1085 4542; x_wconf 82' lang='lat' dir='ltr'><strong><em>carmen</em></strong></span> <span class='ocrx_word' id='word_1_398' title='bbox 1097 4476 1137 4542; x_wconf 82' lang='lat' dir='ltr'><strong><em>rie</em></strong></span> <span class='ocrx_word' id='word_1_399' title='bbox 1155 4483 1244 4545; x_wconf 83' lang='lat' dir='ltr'><strong><em>roeia</em></strong></span> <span class='ocrx_word' id='word_1_400' title='bbox 1257 4497 1383 4544; x_wconf 62' lang='lat' dir='ltr'><strong><em>naama</em></strong></span> 
     </span>
    </p>
   </div>
   <div class='ocr_carea' id='block_1_6' title="bbox 0 0 1479 4986">
    <p class='ocr_par' dir='ltr' id='par_1_6' title="bbox 0 0 1479 4986">
     <span class='ocr_line' id='line_1_41' title="bbox 0 0 1479 4986; baseline 0 0"><span class='ocrx_word' id='word_1_401' title='bbox 0 0 1479 4986; x_wconf 95' lang='lat' dir='ltr'><strong><em> </em></strong></span> 
     </span>
    </p>
   </div>
  </div>
 </body>
</html>
