2948 4986
339 184 382 248 IN
403 183 573 249 vabbll
599 181 781 248 CATONIS
803 182 1010 248 bonosum.
1226 191 1301 261 161

74 357 94 418 b.
114 376 141 418 e.
160 359 185 417 si
215 355 282 418 illud
307 357 368 418 beri
391 376 446 419 non
469 357 568 434 lieuit,
599 362 631 419 at
657 375 763 418 necere
790 359 892 422 saltem
920 363 1066 439 potueras.
1111 360 1176 423 Non
1200 361 1301 423 diver-

72 482 119 522 sum
140 467 183 523 est
205 462 240 522 ad
265 480 323 522 rem
346 461 553 538 virgilianum,
578 459 659 522 viii.
684 465 757 522 643.

355 590 389 642 ot
410 592 442 643 lo
467 583 579 657 dietis,
603 582 740 662 Albane,
762 602 919 646 moneres:
971 596 974 603 '
1143 652 1152 687 Ι

69 721 217 784 quamquam
241 702 280 762 ibi
303 720 358 762 oon
382 709 438 762 tam
460 702 531 763 liciti
556 721 637 785 qnam
661 704 751 765 debiti
774 705 1012 782 significationem
1032 704 1298 769 ooninnetirus‘in-

10 866 12 871 .
68 808 124 869 lert:
154 810 184 868 at
207 809 236 867 tu
260 807 345 867 dietis
374 825 486 866 manere
509 806 649 867 debebas.
694 805 741 868 Gi.
765 806 859 868 Plaut.
888 807 1089 869 Trinumml.
1114 833 1152 887 11,
1176 814 1226 871 96.
1251 830 1297 893 sq.

10 906 17 991 ᾖ
66 913 225 986 redderem,
257 911 422 985 redderes,
451 931 582 986 emeres,
615 911 782 986 venderes,
811 913 948 997 soceros.
991 967 996 977 ,.
1079 912 1227 990 Scaligeri
1250 914 1297 974 di-

65 1015 232 1075 slinetionem
255 1015 329 1095 quod
353 1016 469 1090 attinet,
493 1033 574 1094 quem
597 1015 754 1092 assumpsit
776 1013 941 1087 Arnoldus‚
964 1015 1126 1096 probatque
1148 1019 1190 1078 ls.
1213 1016 1296 1101 Vos-

10 1106 18 1167 ἶ
64 1119 111 1178 sins
141 1120 168 1177 in
193 1136 284 1194 marg.
315 1117 382 1177 edit.
409 1117 527 1194 scalig.
554 1122 645 1178 1595.
675 1119 837 1198 quaeritur,
866 1135 902 1177 an
931 1121 1085 1182 conveniat
1108 1117 1212 1182 Catoni
1240 1125 1296 1182 tana

13 1244 19 1319 'ss
55 1194 192 1284 *rhetorica
215 1219 383 1280 conversio.
428 1219 582 1298 Virgilium
606 1220 691 1282 deoet
713 1214 798 1290 illuri,
823 1220 930 1303 'estque
958 1219 1138 1299 rhetoribus,
1168 1228 1198 1284 ut
1220 1223 1293 1285 lulio

12 1332 18 1349 ⁸
62 1322 203 1385 lintiniano
225 1342 255 1403 p.
280 1327 353 1384 210.
385 1323 501 1385 Rubnlr.
524 1328 697 1384 annotatum.
744 1324 822 1395 Sed,
854 1324 928 1406 qnod
951 1326 1090 1402 gravius,
1124 1345 1179 1386 non
1201 1329 1295 1389 sensit

10 1396 18 1509 ξ
62 1426 202 1504 Scaliger,
226 1432 275 1488 ant
298 1428 406 1488 sentire
429 1427 532 1494 noluit,
557 1427 663 1508 aliquid
686 1427 751 1488 loeo
772 1425 892 1489 Catonis
914 1447 984 1488 ase
1003 1429 1158 1489 constituto
1178 1429 1293 1508 deesse,

10 1530 13 1609 [
62 1535 83 1590 ot
100 1531 202 1591 similis
224 1533 264 1591 sit
285 1529 460 1606 Virgiliano.
507 1529 600 1590 Deest
627 1532 739 1591 tertium
763 1531 931 1610 membrum,
959 1532 1034 1612 qnod
1062 1532 1189 1594 debebat
1211 1532 1293 1593 eins-

60 1634 119 1694 modi
144 1652 229 1694 esse:
254 1652 310 1693 non
334 1651 392 1709 ego
415 1638 531 1713 paterer
553 1638 607 1694 tanr
631 1633 772 1694 crudelem
796 1633 933 1694 dolorem.
967 1633 999 1694 ld
1022 1637 1168 1714 sentiens,
1192 1639 1223 1698 ut
1244 1635 1293 1696 vi·

60 1737 144 1811 detur,
174 1737 328 1798 Acidalius
351 1739 378 1796 in
403 1735 480 1799 Veii.
508 1738 621 1798 Petere.
647 1737 685 1799 li.
709 1719 798 1798 nxrx.
830 1757 861 1817 p.
887 1740 980 1799 100³.
1010 1737 1056 1798 ed.
1080 1737 1196 1799 Rubnb.
1220 1758 1294 1801 oon·

60 1841 157 1902 iectura
179 1844 263 1901 etiam
286 1847 453 1922 sequentem
484 1859 598 1901 versum
627 1845 734 1916 tentat,
758 1844 813 1903 ile:
849 1843 912 1904 Cor
939 1862 998 1904 ooo
1020 1850 1050 1905 et
1071 1842 1157 1905 nobis
1179 1844 1292 1924 facilis

60 1938 184 2008 notare?
219 1945 354 2025 fuisset,
392 1945 463 2006 Non
486 1964 540 2024 epo
563 1944 714 2006 crudelem
742 1951 851 2027 potior
872 1955 895 2007 t.
919 1967 946 2008 s.
970 1947 1000 2008 d.
1037 1947 1107 2036 ⁸Sed
1131 1948 1196 2027 quis
1218 1948 1293 2010 feret

61 2049 134 2110 talia?
179 2039 329 2123 Arnoldo‚
363 2050 410 2130 qni
441 2048 531 2109 locum
562 2048 725 2109 distinctum
755 2049 789 2108 ad
819 2052 939 2111 mentem
967 2049 1112 2126 Scaligeri
1143 2050 1291 2126 exbibuit,

61 2153 270 2213 subandiendum
300 2152 452 2213 videbatur
484 2143 520 2206 τὸ
551 2146 716 2229 ederrao'v,
751 2158 873 2214 urinam.
927 2151 1014 2237 Quem
1043 2153 1071 2213 in
1100 2153 1180 2214 tinem
1210 2152 1292 2214 locos

61 2255 128 2318 aliert
150 2276 167 2316 a
192 2255 347 2332 scaligero
370 2255 406 2315 ad
430 2252 536 2316 Catuli.
560 2253 600 2315 ll.
625 2262 654 2315 o.
678 2253 817 2334 prolatos.
857 2255 937 2317 Inter
960 2275 1011 2316 eos
1035 2274 1107 2315 unus
1128 2260 1189 2333 est,
1214 2256 1292 2316 Ovi·

62 2356 89 2417 lii
108 2360 228 2421 Heroid.
250 2358 290 2419 X.
316 2360 365 2420 li.
389 2358 444 2419 alia
467 2360 578 2420 ratione
601 2344 807 2437 explicandus,
838 2361 962 2420 nimirum
985 2377 1038 2437 ea,
1061 2358 1097 2420 rie
1119 2378 1174 2440 qua
1195 2358 1291 2439 paullo

63 2468 113 2524 ante
135 2465 240 2523 dietum
263 2466 326 2538 est,
356 2474 549 2538 moetoeses,
581 2464 611 2522 ut
634 2463 690 2522 sit:
724 2466 849 2522 mertare
876 2467 1037 2541 potueras,
1059 2461 1108 2522 vel
1136 2462 1290 2524 debueras.

178 2583 237 2645 Me
260 2601 378 2667 qaoque
401 2604 462 2668 quo
483 2584 613 2664 fratrem
634 2594 827 2657 mactasset,
852 2582 997 2664 improbe,
1022 2583 1132 2646 elevo:
1203 2603 1206 2607 ·

263 2689 379 2763 Esset,
405 2707 494 2772 qaum
517 2687 667 2761 dederes,
690 2695 783 2748 morte
805 2686 909 2747 solado
930 2685 1020 2767 fides.

64 2804 101 2869 nu
122 2807 177 2870 boe
202 2806 348 2868 Ariadnae
370 2808 556 2886 disputationi
580 2794 819 2885 convenientiae,
848 2824 929 2888 qnam
952 2809 983 2868 ut
1004 2805 1142 2887 suppleas
1163 2811 1288 2870 atinam.

63 2906 89 2969 bt
107 2914 147 2972 sio
170 2929 261 2990 nuper
283 2912 397 2989 aouepit
416 2910 555 2971 Loersins
578 2915 687 2970 noster.

105 3012 261 3076 ¹Caeterum
282 3015 395 3096 facilis
418 3023 531 3074 natura
554 3012 660 3075 dilecta
682 3011 785 3075 Catoni
809 3013 907 3075 dictio.
951 3011 1051 3075 Infra:
1075 3014 1193 3095 Infelix
1213 3034 1287 3096 epo,

61 3132 104 3178 noo
125 3119 179 3179 illo
204 3124 255 3203 qai
282 3127 415 3198 tempore
443 3127 555 3191 antus,
586 3116 651 3206 Quo
680 3116 774 3177 leeilis
801 3119 902 3178 natura
923 3117 986 3178 luit.
1030 3117 1117 3179 nobie
1140 3116 1171 3178 b.
1193 3117 1212 3195 l.
1235 3136 1288 3179 ao-

61 3219 119 3296 cipio
141 3224 279 3301 proprie:
304 3222 417 3282 ridetur
438 3219 567 3280 homines
590 3237 736 3299 opponere
757 3217 936 3280 animalibus.
969 3220 1083 3282 Deinde
1104 3221 1141 3282 ad
1163 3239 1197 3282 se
1216 3240 1287 3301 per-

59 3322 93 3392 git
112 3327 211 3405 ipsum.

107 3549 143 3609 V.
171 3555 224 3619 38.
255 3547 358 3626 (141.)
412 3561 483 3616 GUR
511 3561 582 3615 bno
609 3559 803 3615 cbbltbbltni
829 3559 961 3613 eonion
986 3560 1018 3612 Τ.
1043 3559 1073 3614 S.
1099 3558 1281 3617 bobonem.

57 3645 125 3730 iduor
146 3656 239 3717 Voss.
262 3654 285 3715 1.
329 3656 440 3736 paedor
461 3651 544 3712 bion.
567 3650 739 3736 LIVratisl.
762 3651 786 3712 l.
809 3671 883 3733 sepe
904 3648 986 3709 Mon.
1008 3649 1033 3711 Ι.
1057 3649 1095 3710 ΙΙ.
1124 3650 1280 3713 Romanae.

54 3750 102 3816 tom
128 3779 223 3839 saepe
253 3757 411 3818 Arnoldns.
477 3756 616 3818 erudedee
641 3788 681 3797 —
712 3755 832 3816 dolores
863 3771 919 3814 una
946 3751 1130 3814 Mutinensis.
1174 3755 1283 3817 Eadem

55 3861 165 3921 varietas
188 3879 277 3938 supra
299 3881 329 3920 v.
354 3856 405 3922 30.
428 3860 479 3920 ubi
502 3860 592 3920 Voss.
616 3858 641 3920 Ι.
665 3860 804 3933 dolores,
829 3857 936 3918 caeteri
959 3856 1098 3918 dolorem.
1134 3856 1193 3918 Sed
1208 3858 1280 3920 bin-

51 3953 142 4023 tineosi
165 3970 258 4024 tamen
281 3963 425 4044 aliquanto
448 3964 513 4042 plus
537 3963 631 4024 tribuo
655 3980 736 4042 quem
758 3960 905 4021 Vossiano
928 3963 953 4022 l.
998 3959 1046 4021 Ao
1067 3959 1170 4040 plurali
1191 3963 1280 4025 utitur

49 4068 124 4130 roera
145 4069 174 4128 in
197 4066 296 4147 Diris,
320 4087 350 4127 v.
375 4070 426 4128 64.
470 4066 640 4147 (dominibus
662 4074 695 4127 ta
718 4070 833 4125 nostros
855 4063 947 4127 trude
967 4062 1094 4126 dolores.

100 4291 136 4352 V·
162 4297 213 4353 39·
239 4289 340 4370 (142.)
365 4303 739 4360 sronnnonnvnoronn
755 4298 924 4355 nnonnnn
942 4300 1044 4367 onon
1062 4299 1218 4354 onnnron
1235 4303 1273 4354 nr.

47 4382 148 4458 Sidera
170 4395 284 4457 Thoan.
308 4402 337 4458 et
359 4395 460 4477 reliqui
484 4395 607 4455 Parisini
630 4397 707 4470 tres,
730 4393 860 4472 August.
883 4391 1046 4468 Romanae,
1066 4390 1142 4453 Ven.
1165 4390 1272 4452 Acbet.
1400 4477 1403 4484 Ι

47 4479 135 4561 brun.
180 4501 304 4584 Spdera
332 4497 560 4562 biooae.1.1i.
590 4502 619 4561 et
645 4500 771 4560 tormsse
800 4496 866 4575 olii,
899 4499 956 4558 tum
985 4494 1061 4555 Ven.
1089 4492 1166 4554 ilab.
1193 4492 1271 4556 lens.

63 4612 66 4621 “
89 4619 202 4671 Valerius
216 4617 300 4671 Cato.
1014 4585 1064 4653 ῙῙ
1090 4673 1093 4679 ,
