<?xml version="1.0" encoding="UTF-8"?>
<!DOCTYPE html PUBLIC "-//W3C//DTD XHTML 1.0 Transitional//EN"
    "http://www.w3.org/TR/xhtml1/DTD/xhtml1-transitional.dtd">
<html xmlns="http://www.w3.org/1999/xhtml" xml:lang="en" lang="en">
 <head>
  <title>
</title>
<meta http-equiv="Content-Type" content="text/html;charset=utf-8" />
  <meta name='ocr-system' content='tesseract 3.04.00' />
  <meta name='ocr-capabilities' content='ocr_page ocr_carea ocr_par ocr_line ocrx_word'/>
</head>
<body>
  <div class='ocr_page' id='page_1' title='image "./carminavaleriic00catogoog_0442.png"; bbox 0 0 2948 4986; ppageno 0'>
   <div class='ocr_carea' id='block_1_1' title="bbox 521 78 1376 256">
    <p class='ocr_par' dir='ltr' id='par_1_1' title="bbox 521 78 1376 256">
     <span class='ocr_line' id='line_1_1' title="bbox 1154 78 1163 125; baseline 0 0"><span class='ocrx_word' id='word_1_1' title='bbox 1154 78 1163 125; x_wconf 80' lang='lat' dir='ltr'><strong>l</strong></span> 
     </span>
     <span class='ocr_line' id='line_1_2' title="bbox 521 178 1376 256; baseline 0.011 -10"><span class='ocrx_word' id='word_1_2' title='bbox 521 178 727 246; x_wconf 76' lang='lat' dir='ltr'><strong>accensio</strong></span> <span class='ocrx_word' id='word_1_3' title='bbox 750 180 977 247; x_wconf 82' lang='lat' dir='ltr'><strong>LIBRORUM·</strong></span> <span class='ocrx_word' id='word_1_4' title='bbox 1299 184 1376 256; x_wconf 65' lang='lat'><strong>425</strong></span> 
     </span>
    </p>
   </div>
   <div class='ocr_carea' id='block_1_2' title="bbox 96 351 1467 4562">
    <p class='ocr_par' dir='ltr' id='par_1_2' title="bbox 96 351 1467 4562">
     <span class='ocr_line' id='line_1_3' title="bbox 117 351 1374 434; baseline 0.002 -20"><span class='ocrx_word' id='word_1_5' title='bbox 117 352 184 431; x_wconf 91' lang='lat' dir='ltr'><strong>gilii</strong></span> <span class='ocrx_word' id='word_1_6' title='bbox 207 372 236 433; x_wconf 91' lang='lat' dir='ltr'><strong>p.</strong></span> <span class='ocrx_word' id='word_1_7' title='bbox 260 357 312 416; x_wconf 82' lang='lat'><strong>95.</strong></span> <span class='ocrx_word' id='word_1_8' title='bbox 338 351 451 430; x_wconf 78' lang='lat' dir='ltr'><strong>(Aulin.</strong></span> <span class='ocrx_word' id='word_1_9' title='bbox 474 354 538 416; x_wconf 81' lang='lat' dir='ltr'><strong>Lai.</strong></span> <span class='ocrx_word' id='word_1_10' title='bbox 566 353 618 415; x_wconf 86' lang='lat' dir='ltr'><strong>lib.</strong></span> <span class='ocrx_word' id='word_1_11' title='bbox 641 353 680 414; x_wconf 90' lang='lat' dir='ltr'><strong>ll.</strong></span> <span class='ocrx_word' id='word_1_12' title='bbox 704 377 833 416; x_wconf 77' lang='lat' dir='ltr'><strong>ccxrrn.</strong></span> <span class='ocrx_word' id='word_1_13' title='bbox 861 357 934 434; x_wconf 87' lang='lat' dir='ltr'><strong>ll.)</strong></span> <span class='ocrx_word' id='word_1_14' title='bbox 959 356 1024 416; x_wconf 83' lang='lat' dir='ltr'><strong>ubl:</strong></span> <span class='ocrx_word' id='word_1_15' title='bbox 1054 355 1163 430; x_wconf 83' lang='lat' dir='ltr'><strong>Forte,</strong></span> <span class='ocrx_word' id='word_1_16' title='bbox 1185 355 1257 416; x_wconf 85' lang='lat' dir='ltr'><strong>line</strong></span> <span class='ocrx_word' id='word_1_17' title='bbox 1278 355 1374 416; x_wconf 80' lang='lat' dir='ltr'><strong>teleos</strong></span> 
     </span>
     <span class='ocr_line' id='line_1_4' title="bbox 118 456 1375 536; baseline -0.001 -18"><span class='ocrx_word' id='word_1_18' title='bbox 118 462 172 520; x_wconf 83' lang='lat' dir='ltr'><strong>ite.</strong></span> <span class='ocrx_word' id='word_1_19' title='bbox 216 457 354 519; x_wconf 80' lang='lat' dir='ltr'><strong>Neutrum</strong></span> <span class='ocrx_word' id='word_1_20' title='bbox 377 476 447 518; x_wconf 89' lang='lat' dir='ltr'><strong>vero</strong></span> <span class='ocrx_word' id='word_1_21' title='bbox 471 474 489 518; x_wconf 89' lang='lat' dir='ltr'><strong>a</strong></span> <span class='ocrx_word' id='word_1_22' title='bbox 512 456 668 534; x_wconf 76' lang='lat' dir='ltr'><strong>scaligero</strong></span> <span class='ocrx_word' id='word_1_23' title='bbox 692 477 778 536; x_wconf 85' lang='lat' dir='ltr'><strong>esse,</strong></span> <span class='ocrx_word' id='word_1_24' title='bbox 809 456 1004 521; x_wconf 73' lang='lat' dir='ltr'><strong>Coniectauea</strong></span> <span class='ocrx_word' id='word_1_25' title='bbox 1028 460 1187 533; x_wconf 87' lang='lat' dir='ltr'><strong>evincunt,</strong></span> <span class='ocrx_word' id='word_1_26' title='bbox 1218 457 1375 536; x_wconf 88' lang='lat' dir='ltr'><strong>inquibus</strong></span> 
     </span>
     <span class='ocr_line' id='line_1_5' title="bbox 118 559 1373 643; baseline 0.002 -25"><span class='ocrx_word' id='word_1_27' title='bbox 118 561 170 622; x_wconf 90' lang='lat' dir='ltr'><strong>ille</strong></span> <span class='ocrx_word' id='word_1_28' title='bbox 192 562 284 621; x_wconf 92' lang='lat' dir='ltr'><strong>omoia</strong></span> <span class='ocrx_word' id='word_1_29' title='bbox 306 559 372 620; x_wconf 88' lang='lat' dir='ltr'><strong>alia.</strong></span> <span class='ocrx_word' id='word_1_30' title='bbox 418 559 551 623; x_wconf 80' lang='lat' dir='ltr'><strong>Alterum</strong></span> <span class='ocrx_word' id='word_1_31' title='bbox 574 561 700 623; x_wconf 90' lang='lat' dir='ltr'><strong>locorum</strong></span> <span class='ocrx_word' id='word_1_32' title='bbox 723 580 937 642; x_wconf 84' lang='lat' dir='ltr'><strong>geneseorum</strong></span> <span class='ocrx_word' id='word_1_33' title='bbox 961 566 1025 640; x_wconf 89' lang='lat' dir='ltr'><strong>est,</strong></span> <span class='ocrx_word' id='word_1_34' title='bbox 1044 562 1092 643; x_wconf 94' lang='lat' dir='ltr'><strong>qui</strong></span> <span class='ocrx_word' id='word_1_35' title='bbox 1117 561 1217 639; x_wconf 89' lang='lat' dir='ltr'><strong>partim</strong></span> <span class='ocrx_word' id='word_1_36' title='bbox 1241 561 1373 621; x_wconf 87' lang='lat' dir='ltr'><strong>inPrae-</strong></span> 
     </span>
     <span class='ocr_line' id='line_1_6' title="bbox 118 649 1374 743; baseline -0.002 -19"><span class='ocrx_word' id='word_1_37' title='bbox 118 666 227 740; x_wconf 87' lang='lat' dir='ltr'><strong>cuniis,</strong></span> <span class='ocrx_word' id='word_1_38' title='bbox 250 664 404 743; x_wconf 86' lang='lat' dir='ltr'><strong>partimin</strong></span> <span class='ocrx_word' id='word_1_39' title='bbox 429 663 587 727; x_wconf 81' lang='lat' dir='ltr'><strong>Catalectis</strong></span> <span class='ocrx_word' id='word_1_40' title='bbox 612 664 749 726; x_wconf 89' lang='lat' dir='ltr'><strong>Veterum</strong></span> <span class='ocrx_word' id='word_1_41' title='bbox 773 665 942 740; x_wconf 83' lang='lat' dir='ltr'><strong>Poetarum,</strong></span> <span class='ocrx_word' id='word_1_42' title='bbox 966 664 1045 726; x_wconf 84' lang='lat' dir='ltr'><strong>urolti</strong></span> <span class='ocrx_word' id='word_1_43' title='bbox 1068 669 1151 739; x_wconf 88' lang='lat' dir='ltr'><strong>sunt,</strong></span> <span class='ocrx_word' id='word_1_44' title='bbox 1175 664 1202 723; x_wconf 93' lang='lat' dir='ltr'><strong>in</strong></span> <span class='ocrx_word' id='word_1_45' title='bbox 1216 649 1374 741; x_wconf 82' lang='lat' dir='ltr'><strong>Opusculis</strong></span> 
     </span>
     <span class='ocr_line' id='line_1_7' title="bbox 117 764 1373 850; baseline -0.003 -22"><span class='ocrx_word' id='word_1_46' title='bbox 117 767 207 841; x_wconf 90' lang='lat' dir='ltr'><strong>nulli,</strong></span> <span class='ocrx_word' id='word_1_47' title='bbox 231 767 337 849; x_wconf 90' lang='lat' dir='ltr'><strong>quibus</strong></span> <span class='ocrx_word' id='word_1_48' title='bbox 361 768 461 829; x_wconf 87' lang='lat' dir='ltr'><strong>variae</strong></span> <span class='ocrx_word' id='word_1_49' title='bbox 483 768 626 829; x_wconf 89' lang='lat' dir='ltr'><strong>lectiones</strong></span> <span class='ocrx_word' id='word_1_50' title='bbox 649 771 801 848; x_wconf 83' lang='lat' dir='ltr'><strong>appositae</strong></span> <span class='ocrx_word' id='word_1_51' title='bbox 825 770 976 850; x_wconf 85' lang='lat' dir='ltr'><strong>suntounr</strong></span> <span class='ocrx_word' id='word_1_52' title='bbox 996 773 1064 827; x_wconf 88' lang='lat' dir='ltr'><strong>uota</strong></span> <span class='ocrx_word' id='word_1_53' title='bbox 1079 787 1110 828; x_wconf 87' lang='lat' dir='ltr'><strong>o.</strong></span> <span class='ocrx_word' id='word_1_54' title='bbox 1130 786 1158 827; x_wconf 88' lang='lat' dir='ltr'><strong>c.</strong></span> <span class='ocrx_word' id='word_1_55' title='bbox 1204 768 1301 846; x_wconf 84' lang='lat' dir='ltr'><strong>Atque</strong></span> <span class='ocrx_word' id='word_1_56' title='bbox 1319 764 1373 825; x_wconf 88' lang='lat' dir='ltr'><strong>lras</strong></span> 
     </span>
     <span class='ocr_line' id='line_1_8' title="bbox 118 869 1457 952; baseline -0.003 -21"><span class='ocrx_word' id='word_1_57' title='bbox 118 870 232 952; x_wconf 91' lang='lat' dir='ltr'><strong>quidem</strong></span> <span class='ocrx_word' id='word_1_58' title='bbox 256 870 397 931; x_wconf 88' lang='lat' dir='ltr'><strong>lectiones</strong></span> <span class='ocrx_word' id='word_1_59' title='bbox 420 890 457 931; x_wconf 87' lang='lat' dir='ltr'><strong>ex</strong></span> <span class='ocrx_word' id='word_1_60' title='bbox 481 871 577 952; x_wconf 91' lang='lat' dir='ltr'><strong>aliquo</strong></span> <span class='ocrx_word' id='word_1_61' title='bbox 601 872 702 932; x_wconf 90' lang='lat' dir='ltr'><strong>codice</strong></span> <span class='ocrx_word' id='word_1_62' title='bbox 727 874 846 938; x_wconf 86' lang='lat' dir='ltr'><strong>vetere,</strong></span> <span class='ocrx_word' id='word_1_63' title='bbox 873 871 978 931; x_wconf 87' lang='lat' dir='ltr'><strong>velex</strong></span> <span class='ocrx_word' id='word_1_64' title='bbox 1000 869 1147 950; x_wconf 87' lang='lat' dir='ltr'><strong>pluribus,</strong></span> <span class='ocrx_word' id='word_1_65' title='bbox 1171 869 1280 948; x_wconf 85' lang='lat' dir='ltr'><strong>petitas</strong></span> <span class='ocrx_word' id='word_1_66' title='bbox 1303 884 1373 929; x_wconf 85' lang='lat' dir='ltr'><strong>esse</strong></span> <span class='ocrx_word' id='word_1_67' title='bbox 1456 924 1457 927; x_wconf 74' lang='grc'>,</span> 
     </span>
     <span class='ocr_line' id='line_1_9' title="bbox 119 973 1372 1056; baseline -0.003 -21"><span class='ocrx_word' id='word_1_68' title='bbox 119 992 202 1035; x_wconf 90' lang='lat' dir='ltr'><strong>nemo</strong></span> <span class='ocrx_word' id='word_1_69' title='bbox 225 974 357 1035; x_wconf 85' lang='lat' dir='ltr'><strong>dubitet:</strong></span> <span class='ocrx_word' id='word_1_70' title='bbox 387 975 443 1034; x_wconf 87' lang='lat' dir='ltr'><strong>etsi</strong></span> <span class='ocrx_word' id='word_1_71' title='bbox 466 976 529 1054; x_wconf 91' lang='lat' dir='ltr'><strong>quis</strong></span> <span class='ocrx_word' id='word_1_72' title='bbox 552 976 639 1037; x_wconf 85' lang='lat' dir='ltr'><strong>inerit</strong></span> <span class='ocrx_word' id='word_1_73' title='bbox 661 976 756 1035; x_wconf 80' lang='lat' dir='ltr'><strong>codex</strong></span> <span class='ocrx_word' id='word_1_74' title='bbox 780 974 848 1051; x_wconf 91' lang='lat' dir='ltr'><strong>ille,</strong></span> <span class='ocrx_word' id='word_1_75' title='bbox 873 975 921 1036; x_wconf 90' lang='lat' dir='ltr'><strong>rel</strong></span> <span class='ocrx_word' id='word_1_76' title='bbox 945 977 992 1056; x_wconf 94' lang='lat' dir='ltr'><strong>qui</strong></span> <span class='ocrx_word' id='word_1_77' title='bbox 1016 976 1123 1035; x_wconf 87' lang='lat' dir='ltr'><strong>luerint</strong></span> <span class='ocrx_word' id='word_1_78' title='bbox 1145 973 1281 1041; x_wconf 88' lang='lat' dir='ltr'><strong>codices,</strong></span> <span class='ocrx_word' id='word_1_79' title='bbox 1315 987 1372 1032; x_wconf 89' lang='lat' dir='ltr'><strong>non</strong></span> 
     </span>
     <span class='ocr_line' id='line_1_10' title="bbox 117 1075 1372 1158; baseline -0.003 -20"><span class='ocrx_word' id='word_1_80' title='bbox 117 1078 220 1158; x_wconf 88' lang='lat' dir='ltr'><strong>liquet.</strong></span> <span class='ocrx_word' id='word_1_81' title='bbox 266 1075 371 1138; x_wconf 90' lang='lat' dir='ltr'><strong>Verum</strong></span> <span class='ocrx_word' id='word_1_82' title='bbox 395 1079 461 1158; x_wconf 90' lang='lat' dir='ltr'><strong>quid</strong></span> <span class='ocrx_word' id='word_1_83' title='bbox 492 1079 527 1137; x_wconf 92' lang='lat' dir='ltr'><strong>de</strong></span> <span class='ocrx_word' id='word_1_84' title='bbox 558 1078 608 1139; x_wconf 93' lang='lat' dir='ltr'><strong>illo</strong></span> <span class='ocrx_word' id='word_1_85' title='bbox 638 1097 751 1155; x_wconf 82' lang='lat' dir='ltr'>genere</span> <span class='ocrx_word' id='word_1_86' title='bbox 781 1078 968 1153; x_wconf 86' lang='lat' dir='ltr'><strong>iudicabitur,</strong></span> <span class='ocrx_word' id='word_1_87' title='bbox 1003 1078 1050 1138; x_wconf 91' lang='lat' dir='ltr'><strong>nbi</strong></span> <span class='ocrx_word' id='word_1_88' title='bbox 1080 1079 1179 1138; x_wconf 89' lang='lat' dir='ltr'><strong>varias</strong></span> <span class='ocrx_word' id='word_1_89' title='bbox 1212 1076 1372 1152; x_wconf 87' lang='lat' dir='ltr'><strong>lectiones,</strong></span> 
     </span>
     <span class='ocr_line' id='line_1_11' title="bbox 118 1175 1375 1260; baseline -0.002 -20"><span class='ocrx_word' id='word_1_90' title='bbox 118 1182 183 1241; x_wconf 91' lang='lat' dir='ltr'><strong>siue</strong></span> <span class='ocrx_word' id='word_1_91' title='bbox 204 1179 262 1240; x_wconf 88' lang='lat' dir='ltr'><strong>ulla</strong></span> <span class='ocrx_word' id='word_1_92' title='bbox 285 1184 369 1248; x_wconf 83' lang='lat' dir='ltr'><strong>nota,</strong></span> <span class='ocrx_word' id='word_1_93' title='bbox 385 1198 486 1256; x_wconf 88' lang='lat' dir='ltr'><strong>margo</strong></span> <span class='ocrx_word' id='word_1_94' title='bbox 504 1181 651 1258; x_wconf 87' lang='lat' dir='ltr'><strong>Scaligeri</strong></span> <span class='ocrx_word' id='word_1_95' title='bbox 675 1175 821 1260; x_wconf 64' lang='lat' dir='ltr'><strong>praehet?</strong></span> <span class='ocrx_word' id='word_1_96' title='bbox 843 1184 891 1244; x_wconf 78' lang='lat' dir='ltr'><strong>Ex</strong></span> <span class='ocrx_word' id='word_1_97' title='bbox 914 1181 997 1242; x_wconf 86' lang='lat' dir='ltr'><strong>libris</strong></span> <span class='ocrx_word' id='word_1_98' title='bbox 1020 1183 1138 1259; x_wconf 87' lang='lat' dir='ltr'><strong>scriptis</strong></span> <span class='ocrx_word' id='word_1_99' title='bbox 1161 1179 1281 1240; x_wconf 88' lang='lat' dir='ltr'><strong>haustas</strong></span> <span class='ocrx_word' id='word_1_100' title='bbox 1304 1194 1375 1238; x_wconf 88' lang='lat' dir='ltr'><strong>esse</strong></span> 
     </span>
     <span class='ocr_line' id='line_1_12' title="bbox 118 1277 1375 1362; baseline -0.001 -20"><span class='ocrx_word' id='word_1_101' title='bbox 118 1302 171 1343; x_wconf 85' lang='lat' dir='ltr'><strong>eas</strong></span> <span class='ocrx_word' id='word_1_102' title='bbox 195 1282 372 1343; x_wconf 82' lang='lat' dir='ltr'><strong>lectionesa</strong></span> <span class='ocrx_word' id='word_1_103' title='bbox 397 1280 574 1360; x_wconf 72' lang='lat' dir='ltr'><strong>Scaligero‘l</strong></span> <span class='ocrx_word' id='word_1_104' title='bbox 619 1283 811 1348; x_wconf 84' lang='lat' dir='ltr'><strong>Coniecturas</strong></span> <span class='ocrx_word' id='word_1_105' title='bbox 834 1304 903 1346; x_wconf 86' lang='lat' dir='ltr'><strong>esse</strong></span> <span class='ocrx_word' id='word_1_106' title='bbox 927 1277 1095 1362; x_wconf 61' lang='lat' dir='ltr'><strong>scaligeri?</strong></span> <span class='ocrx_word' id='word_1_107' title='bbox 1132 1281 1281 1346; x_wconf 71' lang='lat' dir='ltr'><strong>collectas</strong></span> <span class='ocrx_word' id='word_1_108' title='bbox 1304 1297 1375 1342; x_wconf 87' lang='lat' dir='ltr'><strong>esse</strong></span> 
     </span>
     <span class='ocr_line' id='line_1_13' title="bbox 117 1379 1375 1466; baseline 0 -20"><span class='ocrx_word' id='word_1_109' title='bbox 117 1385 290 1446; x_wconf 86' lang='lat' dir='ltr'><strong>alicundca</strong></span> <span class='ocrx_word' id='word_1_110' title='bbox 320 1379 498 1462; x_wconf 73' lang='lat' dir='ltr'><strong>Scaligero‘i</strong></span> <span class='ocrx_word' id='word_1_111' title='bbox 542 1385 622 1448; x_wconf 82' lang='lat' dir='ltr'><strong>Nihil</strong></span> <span class='ocrx_word' id='word_1_112' title='bbox 651 1385 749 1447; x_wconf 88' lang='lat' dir='ltr'><strong>lmrnnr</strong></span> <span class='ocrx_word' id='word_1_113' title='bbox 781 1391 900 1466; x_wconf 87' lang='lat' dir='ltr'><strong>potest:</strong></span> <span class='ocrx_word' id='word_1_114' title='bbox 933 1395 989 1450; x_wconf 90' lang='lat' dir='ltr'><strong>tam</strong></span> <span class='ocrx_word' id='word_1_115' title='bbox 1016 1391 1084 1449; x_wconf 87' lang='lat' dir='ltr'><strong>soni</strong></span> <span class='ocrx_word' id='word_1_116' title='bbox 1106 1388 1207 1466; x_wconf 84' lang='lat' dir='ltr'><strong>partlm</strong></span> <span class='ocrx_word' id='word_1_117' title='bbox 1230 1386 1316 1448; x_wconf 88' lang='lat' dir='ltr'><strong>tritae</strong></span> <span class='ocrx_word' id='word_1_118' title='bbox 1338 1401 1375 1446; x_wconf 89' lang='lat' dir='ltr'><strong>ac</strong></span> 
     </span>
     <span class='ocr_line' id='line_1_14' title="bbox 119 1470 1374 1570; baseline 0 -22"><span class='ocrx_word' id='word_1_119' title='bbox 119 1470 236 1564; x_wconf 82' lang='lat' dir='ltr'><strong>lutilos,</strong></span> <span class='ocrx_word' id='word_1_120' title='bbox 268 1491 369 1567; x_wconf 90' lang='lat' dir='ltr'><strong>partim</strong></span> <span class='ocrx_word' id='word_1_121' title='bbox 393 1489 477 1549; x_wconf 83' lang='lat' dir='ltr'><strong>libris</strong></span> <span class='ocrx_word' id='word_1_122' title='bbox 501 1491 621 1568; x_wconf 77' lang='lat' dir='ltr'><strong>seriptis</strong></span> <span class='ocrx_word' id='word_1_123' title='bbox 650 1490 827 1566; x_wconf 85' lang='lat' dir='ltr'><strong>contrariae,</strong></span> <span class='ocrx_word' id='word_1_124' title='bbox 856 1491 959 1570; x_wconf 86' lang='lat' dir='ltr'><strong>partim</strong></span> <span class='ocrx_word' id='word_1_125' title='bbox 983 1490 1093 1551; x_wconf 89' lang='lat' dir='ltr'><strong>alienae</strong></span> <span class='ocrx_word' id='word_1_126' title='bbox 1116 1509 1134 1550; x_wconf 86' lang='lat' dir='ltr'><strong>a</strong></span> <span class='ocrx_word' id='word_1_127' title='bbox 1156 1494 1250 1549; x_wconf 86' lang='lat' dir='ltr'><strong>mente</strong></span> <span class='ocrx_word' id='word_1_128' title='bbox 1274 1487 1374 1550; x_wconf 87' lang='lat' dir='ltr'><strong>Scali-</strong></span> 
     </span>
     <span class='ocr_line' id='line_1_15' title="bbox 118 1591 1374 1681; baseline -0.002 -28"><span class='ocrx_word' id='word_1_129' title='bbox 118 1592 195 1665; x_wconf 83' lang='lat' dir='ltr'><strong>geri.</strong></span> <span class='ocrx_word' id='word_1_130' title='bbox 241 1593 321 1671; x_wconf 80' lang='lat' dir='ltr'><strong>lingo</strong></span> <span class='ocrx_word' id='word_1_131' title='bbox 344 1592 473 1670; x_wconf 86' lang='lat' dir='ltr'><strong>suspicio</strong></span> <span class='ocrx_word' id='word_1_132' title='bbox 497 1592 564 1653; x_wconf 86' lang='lat' dir='ltr'><strong>milri</strong></span> <span class='ocrx_word' id='word_1_133' title='bbox 595 1594 716 1669; x_wconf 77' lang='lat' dir='ltr'><strong>incidit,</strong></span> <span class='ocrx_word' id='word_1_134' title='bbox 751 1611 803 1654; x_wconf 90' lang='lat' dir='ltr'><strong>eas</strong></span> <span class='ocrx_word' id='word_1_135' title='bbox 827 1611 866 1654; x_wconf 83' lang='lat' dir='ltr'><strong>ex</strong></span> <span class='ocrx_word' id='word_1_136' title='bbox 888 1594 1020 1670; x_wconf 81' lang='lat' dir='ltr'><strong>margine</strong></span> <span class='ocrx_word' id='word_1_137' title='bbox 1042 1593 1116 1654; x_wconf 90' lang='lat' dir='ltr'><strong>alios</strong></span> <span class='ocrx_word' id='word_1_138' title='bbox 1140 1594 1284 1681; x_wconf 79' lang='lat' dir='ltr'><strong>quiurdam</strong></span> <span class='ocrx_word' id='word_1_139' title='bbox 1308 1591 1374 1652; x_wconf 85' lang='lat' dir='ltr'><strong>edi·</strong></span> 
     </span>
     <span class='ocr_line' id='line_1_16' title="bbox 119 1693 1375 1775; baseline 0 -19"><span class='ocrx_word' id='word_1_140' title='bbox 119 1694 209 1756; x_wconf 82' lang='lat' dir='ltr'><strong>tionis</strong></span> <span class='ocrx_word' id='word_1_141' title='bbox 232 1694 387 1755; x_wconf 85' lang='lat' dir='ltr'><strong>translatas</strong></span> <span class='ocrx_word' id='word_1_142' title='bbox 410 1696 437 1755; x_wconf 94' lang='lat' dir='ltr'><strong>in</strong></span> <span class='ocrx_word' id='word_1_143' title='bbox 462 1697 617 1771; x_wconf 77' lang='lat' dir='ltr'><strong>marginem</strong></span> <span class='ocrx_word' id='word_1_144' title='bbox 641 1695 852 1773; x_wconf 88' lang='lat' dir='ltr'><strong>Scaligeranae</strong></span> <span class='ocrx_word' id='word_1_145' title='bbox 887 1713 965 1756; x_wconf 89' lang='lat' dir='ltr'><strong>esse.</strong></span> <span class='ocrx_word' id='word_1_146' title='bbox 1018 1695 1140 1775; x_wconf 82' lang='lat' dir='ltr'><strong>Rogavi</strong></span> <span class='ocrx_word' id='word_1_147' title='bbox 1167 1693 1313 1770; x_wconf 81' lang='lat' dir='ltr'><strong>(laelium,</strong></span> <span class='ocrx_word' id='word_1_148' title='bbox 1342 1695 1375 1756; x_wconf 88' lang='lat' dir='ltr'><strong>ni</strong></span> 
     </span>
     <span class='ocr_line' id='line_1_17' title="bbox 119 1780 1407 1884; baseline 0 -27"><span class='ocrx_word' id='word_1_149' title='bbox 119 1798 277 1876; x_wconf 80' lang='lat' dir='ltr'><strong>inspiceret</strong></span> <span class='ocrx_word' id='word_1_150' title='bbox 300 1799 454 1875; x_wconf 85' lang='lat' dir='ltr'><strong>Virgilium</strong></span> <span class='ocrx_word' id='word_1_151' title='bbox 480 1800 723 1878; x_wconf 85' lang='lat' dir='ltr'><strong>Antverpiensem</strong></span> <span class='ocrx_word' id='word_1_152' title='bbox 748 1798 841 1859; x_wconf 85' lang='lat' dir='ltr'><strong>Plani.</strong></span> <span class='ocrx_word' id='word_1_153' title='bbox 870 1802 962 1884; x_wconf 80' lang='grc'><strong>1666.</strong></span> <span class='ocrx_word' id='word_1_154' title='bbox 1007 1783 1160 1878; x_wconf 82' lang='lat' dir='ltr'><strong>Inspexit,</strong></span> <span class='ocrx_word' id='word_1_155' title='bbox 1191 1801 1278 1878; x_wconf 89' lang='lat' dir='ltr'><strong>atque</strong></span> <span class='ocrx_word' id='word_1_156' title='bbox 1301 1815 1374 1858; x_wconf 88' lang='lat' dir='ltr'><strong>con·</strong></span> <span class='ocrx_word' id='word_1_157' title='bbox 1404 1780 1407 1791; x_wconf 50' lang='lat'>⁸</span> 
     </span>
     <span class='ocr_line' id='line_1_18' title="bbox 118 1900 1373 1983; baseline 0 -23"><span class='ocrx_word' id='word_1_158' title='bbox 118 1901 246 1962; x_wconf 86' lang='lat' dir='ltr'><strong>firmavit</strong></span> <span class='ocrx_word' id='word_1_159' title='bbox 269 1901 461 1979; x_wconf 80' lang='lat' dir='ltr'><strong>suspicionem</strong></span> <span class='ocrx_word' id='word_1_160' title='bbox 484 1921 571 1961; x_wconf 90' lang='lat' dir='ltr'><strong>meam</strong></span> <span class='ocrx_word' id='word_1_161' title='bbox 595 1901 774 1980; x_wconf 88' lang='lat' dir='ltr'><strong>plenissime.</strong></span> <span class='ocrx_word' id='word_1_162' title='bbox 825 1900 1026 1983; x_wconf 78' lang='lat' dir='ltr'><strong>Quascumque</strong></span> <span class='ocrx_word' id='word_1_163' title='bbox 1050 1919 1149 1982; x_wconf 83' lang='lat' dir='ltr'><strong>margo</strong></span> <span class='ocrx_word' id='word_1_164' title='bbox 1173 1900 1321 1976; x_wconf 85' lang='lat' dir='ltr'><strong>Scaligeri</strong></span> <span class='ocrx_word' id='word_1_165' title='bbox 1345 1901 1373 1961; x_wconf 92' lang='lat' dir='ltr'><strong>in</strong></span> 
     </span>
     <span class='ocr_line' id='line_1_19' title="bbox 119 2001 1373 2082; baseline -0.001 -18"><span class='ocrx_word' id='word_1_166' title='bbox 119 2001 238 2074; x_wconf 80' lang='lat' dir='ltr'><strong>Colice,</strong></span> <span class='ocrx_word' id='word_1_167' title='bbox 263 2003 345 2080; x_wconf 80' lang='lat' dir='ltr'><strong>Ciri,</strong></span> <span class='ocrx_word' id='word_1_168' title='bbox 368 2003 480 2077; x_wconf 61' lang='lat' dir='ltr'><strong>„letum</strong></span> <span class='ocrx_word' id='word_1_169' title='bbox 505 2004 641 2079; x_wconf 87' lang='lat' dir='ltr'><strong>ltloreto,</strong></span> <span class='ocrx_word' id='word_1_170' title='bbox 674 2003 770 2078; x_wconf 82' lang='lat' dir='ltr'><strong>Diris,</strong></span> <span class='ocrx_word' id='word_1_171' title='bbox 800 2001 960 2066; x_wconf 84' lang='lat' dir='ltr'><strong>Gatalectls</strong></span> <span class='ocrx_word' id='word_1_172' title='bbox 989 2004 1124 2080; x_wconf 88' lang='lat' dir='ltr'><strong>Virgilii,</strong></span> <span class='ocrx_word' id='word_1_173' title='bbox 1148 2001 1248 2082; x_wconf 85' lang='lat' dir='ltr'><strong>Gopa,</strong></span> <span class='ocrx_word' id='word_1_174' title='bbox 1269 2003 1373 2063; x_wconf 69' lang='lat' dir='ltr'><strong>uarias</strong></span> 
     </span>
     <span class='ocr_line' id='line_1_20' title="bbox 118 2105 1375 2194; baseline 0.002 -30"><span class='ocrx_word' id='word_1_175' title='bbox 118 2105 261 2166; x_wconf 88' lang='lat' dir='ltr'><strong>lectiones</strong></span> <span class='ocrx_word' id='word_1_176' title='bbox 284 2107 427 2184; x_wconf 86' lang='lat' dir='ltr'><strong>praebet,</strong></span> <span class='ocrx_word' id='word_1_177' title='bbox 457 2107 573 2168; x_wconf 88' lang='lat' dir='ltr'><strong>eaedem</strong></span> <span class='ocrx_word' id='word_1_178' title='bbox 606 2125 705 2167; x_wconf 89' lang='lat' dir='ltr'><strong>omues</strong></span> <span class='ocrx_word' id='word_1_179' title='bbox 737 2107 790 2166; x_wconf 92' lang='lat' dir='ltr'><strong>iam</strong></span> <span class='ocrx_word' id='word_1_180' title='bbox 813 2106 909 2167; x_wconf 91' lang='lat' dir='ltr'><strong>editae</strong></span> <span class='ocrx_word' id='word_1_181' title='bbox 932 2107 962 2166; x_wconf 92' lang='lat' dir='ltr'><strong>ln</strong></span> <span class='ocrx_word' id='word_1_182' title='bbox 985 2107 1114 2183; x_wconf 83' lang='lat' dir='ltr'><strong>margine</strong></span> <span class='ocrx_word' id='word_1_183' title='bbox 1144 2105 1375 2194; x_wconf 70' lang='lat' dir='ltr'><strong>Antrerpieusis</strong></span> 
     </span>
     <span class='ocr_line' id='line_1_21' title="bbox 96 2208 1373 2290; baseline 0 -21"><span class='ocrx_word' id='word_1_184' title='bbox 96 2210 218 2287; x_wconf 41' lang='lat' dir='ltr'><strong>&amp;diffie</strong></span> <span class='ocrx_word' id='word_1_185' title='bbox 234 2210 432 2287; x_wconf 80' lang='lat' dir='ltr'><strong>inueniuntur3</strong></span> <span class='ocrx_word' id='word_1_186' title='bbox 456 2211 484 2270; x_wconf 95' lang='lat' dir='ltr'><strong>id</strong></span> <span class='ocrx_word' id='word_1_187' title='bbox 509 2213 616 2270; x_wconf 90' lang='lat' dir='ltr'><strong>tantum</strong></span> <span class='ocrx_word' id='word_1_188' title='bbox 634 2209 745 2287; x_wconf 88' lang='lat' dir='ltr'><strong>dillert,</strong></span> <span class='ocrx_word' id='word_1_189' title='bbox 768 2211 843 2290; x_wconf 90' lang='lat' dir='ltr'><strong>qnod</strong></span> <span class='ocrx_word' id='word_1_190' title='bbox 860 2210 954 2272; x_wconf 85' lang='lat' dir='ltr'><strong>tribus</strong></span> <span class='ocrx_word' id='word_1_191' title='bbox 974 2211 1065 2270; x_wconf 88' lang='lat' dir='ltr'><strong>variis</strong></span> <span class='ocrx_word' id='word_1_192' title='bbox 1079 2208 1256 2271; x_wconf 87' lang='lat' dir='ltr'><strong>lectionibus</strong></span> <span class='ocrx_word' id='word_1_193' title='bbox 1271 2227 1373 2284; x_wconf 87' lang='lat' dir='ltr'><strong>margo</strong></span> 
     </span>
     <span class='ocr_line' id='line_1_22' title="bbox 120 2309 1467 2392; baseline 0.001 -22"><span class='ocrx_word' id='word_1_194' title='bbox 120 2309 350 2390; x_wconf 78' lang='lat' dir='ltr'><strong>Antverpiensis</strong></span> <span class='ocrx_word' id='word_1_195' title='bbox 379 2312 493 2392; x_wconf 87' lang='lat' dir='ltr'><strong>plenior</strong></span> <span class='ocrx_word' id='word_1_196' title='bbox 524 2319 591 2389; x_wconf 91' lang='lat' dir='ltr'><strong>cst,</strong></span> <span class='ocrx_word' id='word_1_197' title='bbox 621 2313 732 2373; x_wconf 88' lang='lat' dir='ltr'><strong>duabus</strong></span> <span class='ocrx_word' id='word_1_198' title='bbox 755 2314 783 2373; x_wconf 93' lang='lat' dir='ltr'><strong>in</strong></span> <span class='ocrx_word' id='word_1_199' title='bbox 807 2311 884 2384; x_wconf 78' lang='lat' dir='ltr'><strong>ciri,</strong></span> <span class='ocrx_word' id='word_1_200' title='bbox 920 2332 974 2374; x_wconf 90' lang='lat' dir='ltr'><strong>una</strong></span> <span class='ocrx_word' id='word_1_201' title='bbox 998 2315 1026 2374; x_wconf 91' lang='lat' dir='ltr'><strong>iu</strong></span> <span class='ocrx_word' id='word_1_202' title='bbox 1049 2310 1208 2375; x_wconf 76' lang='lat' dir='ltr'><strong>catalectis</strong></span> <span class='ocrx_word' id='word_1_203' title='bbox 1232 2311 1390 2389; x_wconf 78' lang='lat' dir='ltr'><strong>Virgiliir-</strong></span> <span class='ocrx_word' id='word_1_204' title='bbox 1463 2333 1467 2341; x_wconf 53' lang='grc'><strong>“</strong></span> 
     </span>
     <span class='ocr_line' id='line_1_23' title="bbox 120 2414 1377 2496; baseline 0.002 -24"><span class='ocrx_word' id='word_1_205' title='bbox 120 2431 194 2494; x_wconf 90' lang='lat' dir='ltr'><strong>quae</strong></span> <span class='ocrx_word' id='word_1_206' title='bbox 217 2416 328 2494; x_wconf 88' lang='lat' dir='ltr'><strong>quidem</strong></span> <span class='ocrx_word' id='word_1_207' title='bbox 351 2434 420 2477; x_wconf 92' lang='lat' dir='ltr'><strong>casn</strong></span> <span class='ocrx_word' id='word_1_208' title='bbox 444 2417 578 2477; x_wconf 87' lang='lat' dir='ltr'><strong>videntur</strong></span> <span class='ocrx_word' id='word_1_209' title='bbox 596 2416 727 2490; x_wconf 34' lang='lat' dir='ltr'><strong>⁸omissae</strong></span> <span class='ocrx_word' id='word_1_210' title='bbox 748 2434 817 2477; x_wconf 89' lang='lat' dir='ltr'><strong>csse</strong></span> <span class='ocrx_word' id='word_1_211' title='bbox 840 2417 868 2476; x_wconf 93' lang='lat' dir='ltr'><strong>in</strong></span> <span class='ocrx_word' id='word_1_212' title='bbox 891 2416 1094 2493; x_wconf 87' lang='lat' dir='ltr'><strong>Scaligerana.</strong></span> <span class='ocrx_word' id='word_1_213' title='bbox 1138 2414 1252 2477; x_wconf 84' lang='lat' dir='ltr'><strong>Deinde</strong></span> <span class='ocrx_word' id='word_1_214' title='bbox 1275 2418 1377 2496; x_wconf 92' lang='lat' dir='ltr'><strong>quater</strong></span> 
     </span>
     <span class='ocr_line' id='line_1_24' title="bbox 121 2515 1377 2600; baseline 0.002 -25"><span class='ocrx_word' id='word_1_215' title='bbox 121 2515 172 2577; x_wconf 87' lang='lat' dir='ltr'><strong>vel</strong></span> <span class='ocrx_word' id='word_1_216' title='bbox 195 2519 345 2599; x_wconf 82' lang='lat' dir='ltr'><strong>quinquies</strong></span> <span class='ocrx_word' id='word_1_217' title='bbox 367 2521 508 2582; x_wconf 85' lang='lat' dir='ltr'><strong>variatum</strong></span> <span class='ocrx_word' id='word_1_218' title='bbox 532 2525 578 2580; x_wconf 84' lang='lat' dir='ltr'><strong>est</strong></span> <span class='ocrx_word' id='word_1_219' title='bbox 611 2519 737 2600; x_wconf 87' lang='lat' dir='ltr'><strong>aliquid,</strong></span> <span class='ocrx_word' id='word_1_220' title='bbox 769 2523 800 2580; x_wconf 90' lang='lat' dir='ltr'><strong>ut</strong></span> <span class='ocrx_word' id='word_1_221' title='bbox 830 2520 891 2579; x_wconf 82' lang='lat' dir='ltr'><strong>uir.</strong></span> <span class='ocrx_word' id='word_1_222' title='bbox 914 2540 946 2580; x_wconf 85' lang='lat' dir='ltr'><strong>v.</strong></span> <span class='ocrx_word' id='word_1_223' title='bbox 971 2524 1022 2581; x_wconf 80' lang='grc'><strong>23.</strong></span> <span class='ocrx_word' id='word_1_224' title='bbox 1047 2520 1095 2581; x_wconf 87' lang='lat' dir='ltr'><strong>ubi</strong></span> <span class='ocrx_word' id='word_1_225' title='bbox 1126 2519 1256 2581; x_wconf 83' lang='lat' dir='ltr'><strong>Mutant</strong></span> <span class='ocrx_word' id='word_1_226' title='bbox 1283 2533 1377 2592; x_wconf 87' lang='lat' dir='ltr'><strong>marg.</strong></span> 
     </span>
     <span class='ocr_line' id='line_1_25' title="bbox 125 2617 1377 2703; baseline -0.002 -22"><span class='ocrx_word' id='word_1_227' title='bbox 125 2620 217 2681; x_wconf 83' lang='lat' dir='ltr'><strong>Aniv.</strong></span> <span class='ocrx_word' id='word_1_228' title='bbox 244 2623 366 2685; x_wconf 78' lang='lat' dir='ltr'><strong>Mutant</strong></span> <span class='ocrx_word' id='word_1_229' title='bbox 389 2641 490 2699; x_wconf 89' lang='lat' dir='ltr'><strong>margo</strong></span> <span class='ocrx_word' id='word_1_230' title='bbox 515 2622 678 2703; x_wconf 88' lang='lat' dir='ltr'><strong>Scaligeri,</strong></span> <span class='ocrx_word' id='word_1_231' title='bbox 703 2625 734 2684; x_wconf 88' lang='lat' dir='ltr'><strong>et</strong></span> <span class='ocrx_word' id='word_1_232' title='bbox 755 2624 790 2683; x_wconf 93' lang='lat' dir='ltr'><strong>ad</strong></span> <span class='ocrx_word' id='word_1_233' title='bbox 804 2619 1016 2684; x_wconf 78' lang='lat' dir='ltr'><strong>Cataleciornm</strong></span> <span class='ocrx_word' id='word_1_234' title='bbox 1039 2622 1151 2696; x_wconf 91' lang='lat' dir='ltr'><strong>locum,</strong></span> <span class='ocrx_word' id='word_1_235' title='bbox 1175 2639 1257 2702; x_wconf 91' lang='lat' dir='ltr'><strong>quern</strong></span> <span class='ocrx_word' id='word_1_236' title='bbox 1280 2617 1377 2698; x_wconf 91' lang='lat' dir='ltr'><strong>paullo</strong></span> 
     </span>
     <span class='ocr_line' id='line_1_26' title="bbox 121 2720 1377 2802; baseline -0.002 -19"><span class='ocrx_word' id='word_1_237' title='bbox 121 2727 190 2785; x_wconf 90' lang='lat' dir='ltr'><strong>ante</strong></span> <span class='ocrx_word' id='word_1_238' title='bbox 213 2726 480 2802; x_wconf 87' lang='lat' dir='ltr'><strong>commemorabam,</strong></span> <span class='ocrx_word' id='word_1_239' title='bbox 504 2744 603 2801; x_wconf 65' lang='lat' dir='ltr'><strong>marg</strong></span> <span class='ocrx_word' id='word_1_240' title='bbox 621 2724 714 2786; x_wconf 84' lang='lat' dir='ltr'><strong>Antv.</strong></span> <span class='ocrx_word' id='word_1_241' title='bbox 750 2727 861 2800; x_wconf 80' lang='lat' dir='ltr'><strong>Forte,</strong></span> <span class='ocrx_word' id='word_1_242' title='bbox 892 2727 964 2786; x_wconf 83' lang='lat' dir='ltr'><strong>irinc</strong></span> <span class='ocrx_word' id='word_1_243' title='bbox 986 2727 1072 2787; x_wconf 73' lang='lat' dir='ltr'><strong>leores</strong></span> <span class='ocrx_word' id='word_1_244' title='bbox 1096 2729 1147 2787; x_wconf 85' lang='lat' dir='ltr'><strong>ite.</strong></span> <span class='ocrx_word' id='word_1_245' title='bbox 1171 2743 1272 2799; x_wconf 86' lang='lat' dir='ltr'><strong>margo</strong></span> <span class='ocrx_word' id='word_1_246' title='bbox 1295 2720 1377 2783; x_wconf 88' lang='lat' dir='ltr'><strong>Scal.</strong></span> 
     </span>
     <span class='ocr_line' id='line_1_27' title="bbox 122 2828 1384 2917; baseline 0 -31"><span class='ocrx_word' id='word_1_247' title='bbox 122 2832 326 2889; x_wconf 87' lang='lat' dir='ltr'><strong>monstruose:</strong></span> <span class='ocrx_word' id='word_1_248' title='bbox 356 2828 464 2905; x_wconf 84' lang='lat' dir='ltr'><strong>Forte,</strong></span> <span class='ocrx_word' id='word_1_249' title='bbox 497 2831 569 2890; x_wconf 82' lang='lat' dir='ltr'><strong>line</strong></span> <span class='ocrx_word' id='word_1_250' title='bbox 598 2830 692 2890; x_wconf 78' lang='lat' dir='ltr'><strong>tetros</strong></span> <span class='ocrx_word' id='word_1_251' title='bbox 721 2834 772 2891; x_wconf 87' lang='lat' dir='ltr'><strong>ite.</strong></span> <span class='ocrx_word' id='word_1_252' title='bbox 824 2828 882 2889; x_wconf 80' lang='lat' dir='ltr'><strong>lano</strong></span> <span class='ocrx_word' id='word_1_253' title='bbox 899 2831 1003 2906; x_wconf 87' lang='lat' dir='ltr'><strong>igitur</strong></span> <span class='ocrx_word' id='word_1_254' title='bbox 1030 2829 1058 2888; x_wconf 91' lang='lat' dir='ltr'><strong>id</strong></span> <span class='ocrx_word' id='word_1_255' title='bbox 1089 2846 1203 2910; x_wconf 90' lang='lat' dir='ltr'><strong>quoque</strong></span> <span class='ocrx_word' id='word_1_256' title='bbox 1231 2830 1384 2917; x_wconf 78' lang='lat' dir='ltr'><strong>tenemus„</strong></span> 
     </span>
     <span class='ocr_line' id='line_1_28' title="bbox 123 2929 1377 3014; baseline 0.002 -26"><span class='ocrx_word' id='word_1_257' title='bbox 123 2947 197 3010; x_wconf 91' lang='lat' dir='ltr'><strong>quae</strong></span> <span class='ocrx_word' id='word_1_258' title='bbox 220 2931 278 2990; x_wconf 87' lang='lat' dir='ltr'><strong>sint</strong></span> <span class='ocrx_word' id='word_1_259' title='bbox 300 2942 391 2993; x_wconf 82' lang='lat' dir='ltr'><strong>notae</strong></span> <span class='ocrx_word' id='word_1_260' title='bbox 422 2932 550 2994; x_wconf 84' lang='lat' dir='ltr'><strong>Codicis</strong></span> <span class='ocrx_word' id='word_1_261' title='bbox 580 2934 843 3014; x_wconf 78' lang='lat' dir='ltr'><strong>Aniocrpieneia:</strong></span> <span class='ocrx_word' id='word_1_262' title='bbox 871 2943 962 2994; x_wconf 83' lang='lat' dir='ltr'><strong>notus</strong></span> <span class='ocrx_word' id='word_1_263' title='bbox 986 2930 1265 3010; x_wconf 82' lang='lat' dir='ltr'><strong>Scaliger-proprie</strong></span> <span class='ocrx_word' id='word_1_264' title='bbox 1288 2929 1377 3005; x_wconf 87' lang='lat' dir='ltr'><strong>dicii,</strong></span> 
     </span>
     <span class='ocr_line' id='line_1_29' title="bbox 123 3033 1378 3117; baseline -0.002 -24"><span class='ocrx_word' id='word_1_265' title='bbox 123 3038 153 3095; x_wconf 89' lang='lat' dir='ltr'><strong>ei</strong></span> <span class='ocrx_word' id='word_1_266' title='bbox 176 3033 318 3095; x_wconf 81' lang='lat' dir='ltr'><strong>Codieem</strong></span> <span class='ocrx_word' id='word_1_267' title='bbox 341 3037 612 3117; x_wconf 82' lang='lat' dir='ltr'><strong>Aulverpiensem,</strong></span> <span class='ocrx_word' id='word_1_268' title='bbox 636 3053 692 3096; x_wconf 91' lang='lat' dir='ltr'><strong>uon</strong></span> <span class='ocrx_word' id='word_1_269' title='bbox 715 3055 797 3096; x_wconf 86' lang='lat' dir='ltr'><strong>nranu</strong></span> <span class='ocrx_word' id='word_1_270' title='bbox 822 3036 978 3114; x_wconf 86' lang='lat' dir='ltr'><strong>scriptum,</strong></span> <span class='ocrx_word' id='word_1_271' title='bbox 1002 3035 1054 3095; x_wconf 88' lang='lat' dir='ltr'><strong>sed</strong></span> <span class='ocrx_word' id='word_1_272' title='bbox 1072 3034 1223 3094; x_wconf 89' lang='lat' dir='ltr'><strong>editionem</strong></span> <span class='ocrx_word' id='word_1_273' title='bbox 1243 3034 1378 3094; x_wconf 79' lang='lat' dir='ltr'><strong>Antron-</strong></span> 
     </span>
     <span class='ocr_line' id='line_1_30' title="bbox 122 3136 1378 3220; baseline -0.001 -25"><span class='ocrx_word' id='word_1_274' title='bbox 122 3137 272 3215; x_wconf 79' lang='lat' dir='ltr'><strong>prensam,</strong></span> <span class='ocrx_word' id='word_1_275' title='bbox 296 3137 362 3198; x_wconf 91' lang='lat' dir='ltr'><strong>sive</strong></span> <span class='ocrx_word' id='word_1_276' title='bbox 385 3136 477 3215; x_wconf 90' lang='lat' dir='ltr'><strong>hanc,</strong></span> <span class='ocrx_word' id='word_1_277' title='bbox 501 3157 582 3219; x_wconf 93' lang='lat' dir='ltr'><strong>quam</strong></span> <span class='ocrx_word' id='word_1_278' title='bbox 606 3139 667 3199; x_wconf 88' lang='lat' dir='ltr'><strong>dixi</strong></span> <span class='ocrx_word' id='word_1_279' title='bbox 674 3179 686 3214; x_wconf 91' lang='lat'><strong>,</strong></span> <span class='ocrx_word' id='word_1_280' title='bbox 710 3156 738 3198; x_wconf 91' lang='lat' dir='ltr'><strong>a.</strong></span> <span class='ocrx_word' id='word_1_281' title='bbox 756 3142 847 3199; x_wconf 84' lang='grc'><strong>1666.</strong></span> <span class='ocrx_word' id='word_1_282' title='bbox 872 3140 981 3217; x_wconf 87' lang='lat' dir='ltr'><strong>ipsam,</strong></span> <span class='ocrx_word' id='word_1_283' title='bbox 1005 3139 1072 3199; x_wconf 88' lang='lat' dir='ltr'><strong>sive</strong></span> <span class='ocrx_word' id='word_1_284' title='bbox 1095 3136 1178 3197; x_wconf 87' lang='lat' dir='ltr'><strong>aliam</strong></span> <span class='ocrx_word' id='word_1_285' title='bbox 1200 3139 1378 3220; x_wconf 85' lang='lat' dir='ltr'><strong>cognatam:</strong></span> 
     </span>
     <span class='ocr_line' id='line_1_31' title="bbox 122 3238 1379 3319; baseline -0.001 -19"><span class='ocrx_word' id='word_1_286' title='bbox 122 3258 185 3300; x_wconf 90' lang='lat' dir='ltr'><strong>narn</strong></span> <span class='ocrx_word' id='word_1_287' title='bbox 208 3239 308 3318; x_wconf 88' lang='lat' dir='ltr'><strong>plores</strong></span> <span class='ocrx_word' id='word_1_288' title='bbox 331 3242 389 3300; x_wconf 88' lang='lat' dir='ltr'><strong>tum</strong></span> <span class='ocrx_word' id='word_1_289' title='bbox 413 3239 648 3319; x_wconf 80' lang='lat' dir='ltr'><strong>Antverpienses</strong></span> <span class='ocrx_word' id='word_1_290' title='bbox 672 3253 710 3302; x_wconf 84' lang='lat' dir='ltr'><strong>ex</strong></span> <span class='ocrx_word' id='word_1_291' title='bbox 728 3241 776 3302; x_wconf 84' lang='lat' dir='ltr'><strong>oli.</strong></span> <span class='ocrx_word' id='word_1_292' title='bbox 793 3240 918 3301; x_wconf 86' lang='lat' dir='ltr'><strong>Plautini</strong></span> <span class='ocrx_word' id='word_1_293' title='bbox 942 3239 1120 3317; x_wconf 86' lang='lat' dir='ltr'><strong>prodierant.</strong></span> <span class='ocrx_word' id='word_1_294' title='bbox 1166 3238 1285 3298; x_wconf 88' lang='lat' dir='ltr'><strong>Scilicet</strong></span> <span class='ocrx_word' id='word_1_295' title='bbox 1301 3238 1379 3299; x_wconf 88' lang='lat' dir='ltr'><strong>Sca-</strong></span> 
     </span>
     <span class='ocr_line' id='line_1_32' title="bbox 123 3339 1378 3423; baseline -0.002 -21"><span class='ocrx_word' id='word_1_296' title='bbox 123 3343 218 3419; x_wconf 89' lang='lat' dir='ltr'><strong>liger,</strong></span> <span class='ocrx_word' id='word_1_297' title='bbox 245 3361 327 3422; x_wconf 90' lang='lat' dir='ltr'><strong>quum</strong></span> <span class='ocrx_word' id='word_1_298' title='bbox 352 3344 521 3415; x_wconf 76' lang='lat' dir='ltr'><strong>festinaret,</strong></span> <span class='ocrx_word' id='word_1_299' title='bbox 555 3360 648 3421; x_wconf 90' lang='lat' dir='ltr'><strong>neque</strong></span> <span class='ocrx_word' id='word_1_300' title='bbox 670 3346 801 3421; x_wconf 84' lang='lat' dir='ltr'><strong>poemata</strong></span> <span class='ocrx_word' id='word_1_301' title='bbox 824 3341 965 3423; x_wconf 91' lang='lat' dir='ltr'><strong>quomodo</strong></span> <span class='ocrx_word' id='word_1_302' title='bbox 994 3339 1150 3400; x_wconf 85' lang='lat' dir='ltr'><strong>ederentur</strong></span> <span class='ocrx_word' id='word_1_303' title='bbox 1172 3339 1302 3399; x_wconf 86' lang='lat' dir='ltr'><strong>studiose</strong></span> <span class='ocrx_word' id='word_1_304' title='bbox 1325 3356 1378 3399; x_wconf 89' lang='lat' dir='ltr'><strong>eu-</strong></span> 
     </span>
     <span class='ocr_line' id='line_1_33' title="bbox 123 3438 1378 3526; baseline -0.005 -19"><span class='ocrx_word' id='word_1_305' title='bbox 123 3446 221 3522; x_wconf 87' lang='lat' dir='ltr'><strong>ravit,</strong></span> <span class='ocrx_word' id='word_1_306' title='bbox 250 3463 306 3526; x_wconf 92' lang='lat' dir='ltr'><strong>qua</strong></span> <span class='ocrx_word' id='word_1_307' title='bbox 329 3444 367 3505; x_wconf 91' lang='lat' dir='ltr'><strong>de</strong></span> <span class='ocrx_word' id='word_1_308' title='bbox 389 3462 421 3504; x_wconf 89' lang='lat' dir='ltr'><strong>re</strong></span> <span class='ocrx_word' id='word_1_309' title='bbox 445 3448 511 3504; x_wconf 89' lang='lat' dir='ltr'><strong>ante</strong></span> <span class='ocrx_word' id='word_1_310' title='bbox 535 3445 638 3504; x_wconf 87' lang='lat' dir='ltr'><strong>dietum</strong></span> <span class='ocrx_word' id='word_1_311' title='bbox 662 3449 725 3518; x_wconf 89' lang='lat' dir='ltr'><strong>est,</strong></span> <span class='ocrx_word' id='word_1_312' title='bbox 756 3446 786 3504; x_wconf 92' lang='lat' dir='ltr'><strong>et</strong></span> <span class='ocrx_word' id='word_1_313' title='bbox 808 3445 881 3503; x_wconf 89' lang='lat' dir='ltr'><strong>satis</strong></span> <span class='ocrx_word' id='word_1_314' title='bbox 903 3446 1033 3503; x_wconf 86' lang='lat' dir='ltr'><strong>tacturus</strong></span> <span class='ocrx_word' id='word_1_315' title='bbox 1057 3443 1194 3520; x_wconf 89' lang='lat' dir='ltr'><strong>temporis</strong></span> <span class='ocrx_word' id='word_1_316' title='bbox 1217 3442 1262 3500; x_wconf 89' lang='lat' dir='ltr'><strong>sni</strong></span> <span class='ocrx_word' id='word_1_317' title='bbox 1283 3438 1378 3501; x_wconf 85' lang='lat' dir='ltr'><strong>lurni-</strong></span> 
     </span>
     <span class='ocr_line' id='line_1_34' title="bbox 123 3543 1380 3629; baseline -0.006 -17"><span class='ocrx_word' id='word_1_318' title='bbox 123 3549 227 3625; x_wconf 88' lang='lat' dir='ltr'><strong>nibus,</strong></span> <span class='ocrx_word' id='word_1_319' title='bbox 252 3549 300 3629; x_wconf 93' lang='lat' dir='ltr'><strong>qni</strong></span> <span class='ocrx_word' id='word_1_320' title='bbox 322 3546 455 3608; x_wconf 87' lang='lat' dir='ltr'><strong>amabant</strong></span> <span class='ocrx_word' id='word_1_321' title='bbox 478 3551 644 3626; x_wconf 89' lang='lat' dir='ltr'><strong>apparatum</strong></span> <span class='ocrx_word' id='word_1_322' title='bbox 668 3546 795 3607; x_wconf 85' lang='lat' dir='ltr'><strong>criticum</strong></span> <span class='ocrx_word' id='word_1_323' title='bbox 819 3547 1051 3628; x_wconf 85' lang='lat' dir='ltr'><strong>qualemcumque</strong></span> <span class='ocrx_word' id='word_1_324' title='bbox 1065 3546 1197 3625; x_wconf 85' lang='lat' dir='ltr'><strong>proxime</strong></span> <span class='ocrx_word' id='word_1_325' title='bbox 1215 3543 1380 3623; x_wconf 88' lang='lat' dir='ltr'><strong>appositum</strong></span> 
     </span>
     <span class='ocr_line' id='line_1_35' title="bbox 123 3646 1392 3729; baseline -0.007 -14"><span class='ocrx_word' id='word_1_326' title='bbox 123 3655 153 3715; x_wconf 92' lang='lat' dir='ltr'><strong>iu</strong></span> <span class='ocrx_word' id='word_1_327' title='bbox 175 3654 324 3729; x_wconf 79' lang='lat' dir='ltr'><strong>margine,</strong></span> <span class='ocrx_word' id='word_1_328' title='bbox 356 3650 528 3711; x_wconf 88' lang='lat' dir='ltr'><strong>varietatem</strong></span> <span class='ocrx_word' id='word_1_329' title='bbox 561 3649 694 3710; x_wconf 88' lang='lat' dir='ltr'><strong>lectionis</strong></span> <span class='ocrx_word' id='word_1_330' title='bbox 717 3652 871 3729; x_wconf 84' lang='lat' dir='ltr'><strong>apposuit,</strong></span> <span class='ocrx_word' id='word_1_331' title='bbox 901 3667 958 3711; x_wconf 92' lang='lat' dir='ltr'><strong>non</strong></span> <span class='ocrx_word' id='word_1_332' title='bbox 981 3667 999 3708; x_wconf 86' lang='lat' dir='ltr'><strong>a</strong></span> <span class='ocrx_word' id='word_1_333' title='bbox 1021 3667 1054 3707; x_wconf 90' lang='lat' dir='ltr'><strong>se</strong></span> <span class='ocrx_word' id='word_1_334' title='bbox 1079 3647 1237 3724; x_wconf 85' lang='lat' dir='ltr'><strong>diligenter</strong></span> <span class='ocrx_word' id='word_1_335' title='bbox 1262 3646 1392 3727; x_wconf 86' lang='lat' dir='ltr'><strong>conqui-</strong></span> 
     </span>
     <span class='ocr_line' id='line_1_36' title="bbox 123 3750 1380 3836; baseline -0.005 -19"><span class='ocrx_word' id='word_1_336' title='bbox 123 3757 209 3818; x_wconf 85' lang='lat' dir='ltr'><strong>sitam</strong></span> <span class='ocrx_word' id='word_1_337' title='bbox 237 3755 417 3836; x_wconf 86' lang='lat' dir='ltr'><strong>lectamque,</strong></span> <span class='ocrx_word' id='word_1_338' title='bbox 448 3755 500 3815; x_wconf 89' lang='lat' dir='ltr'><strong>sed</strong></span> <span class='ocrx_word' id='word_1_339' title='bbox 536 3755 777 3832; x_wconf 84' lang='lat' dir='ltr'><strong>descriptamex</strong></span> <span class='ocrx_word' id='word_1_340' title='bbox 804 3755 933 3830; x_wconf 86' lang='lat' dir='ltr'><strong>margine</strong></span> <span class='ocrx_word' id='word_1_341' title='bbox 962 3752 1036 3813; x_wconf 89' lang='lat' dir='ltr'><strong>alius</strong></span> <span class='ocrx_word' id='word_1_342' title='bbox 1059 3750 1205 3813; x_wconf 87' lang='lat' dir='ltr'><strong>cuiusdam</strong></span> <span class='ocrx_word' id='word_1_343' title='bbox 1229 3751 1380 3829; x_wconf 86' lang='lat' dir='ltr'><strong>editionis,</strong></span> 
     </span>
     <span class='ocr_line' id='line_1_37' title="bbox 124 3855 1379 3940; baseline -0.006 -19"><span class='ocrx_word' id='word_1_344' title='bbox 124 3864 155 3921; x_wconf 87' lang='lat' dir='ltr'><strong>et</strong></span> <span class='ocrx_word' id='word_1_345' title='bbox 179 3859 289 3940; x_wconf 91' lang='lat' dir='ltr'><strong>quidem</strong></span> <span class='ocrx_word' id='word_1_346' title='bbox 314 3859 375 3917; x_wconf 90' lang='lat' dir='ltr'><strong>eius</strong></span> <span class='ocrx_word' id='word_1_347' title='bbox 399 3858 547 3934; x_wconf 88' lang='lat' dir='ltr'><strong>editionis,</strong></span> <span class='ocrx_word' id='word_1_348' title='bbox 573 3859 654 3919; x_wconf 87' lang='lat' dir='ltr'><strong>cuins</strong></span> <span class='ocrx_word' id='word_1_349' title='bbox 677 3862 734 3919; x_wconf 91' lang='lat' dir='ltr'><strong>turn</strong></span> <span class='ocrx_word' id='word_1_350' title='bbox 757 3856 892 3935; x_wconf 86' lang='lat' dir='ltr'><strong>exeurpla</strong></span> <span class='ocrx_word' id='word_1_351' title='bbox 914 3857 1044 3917; x_wconf 88' lang='lat' dir='ltr'><strong>manibus</strong></span> <span class='ocrx_word' id='word_1_352' title='bbox 1066 3855 1233 3916; x_wconf 86' lang='lat' dir='ltr'><strong>terebantur</strong></span> <span class='ocrx_word' id='word_1_353' title='bbox 1248 3855 1379 3915; x_wconf 85' lang='lat' dir='ltr'><strong>omnium.</strong></span> 
     </span>
     <span class='ocr_line' id='line_1_38' title="bbox 123 3938 1379 4040; baseline -0.006 -15"><span class='ocrx_word' id='word_1_354' title='bbox 123 3964 202 4026; x_wconf 92' lang='lat' dir='ltr'><strong>Hinc</strong></span> <span class='ocrx_word' id='word_1_355' title='bbox 225 3966 363 4040; x_wconf 86' lang='lat' dir='ltr'><strong>apparet,</strong></span> <span class='ocrx_word' id='word_1_356' title='bbox 395 3965 529 4040; x_wconf 90' lang='lat' dir='ltr'><strong>quantum</strong></span> <span class='ocrx_word' id='word_1_357' title='bbox 563 3961 743 4022; x_wconf 88' lang='lat' dir='ltr'><strong>tribuendum</strong></span> <span class='ocrx_word' id='word_1_358' title='bbox 772 3961 812 4022; x_wconf 89' lang='lat' dir='ltr'><strong>sit</strong></span> <span class='ocrx_word' id='word_1_359' title='bbox 839 3938 964 4036; x_wconf 81' lang='lat' dir='ltr'><strong>margini</strong></span> <span class='ocrx_word' id='word_1_360' title='bbox 994 3957 1160 4039; x_wconf 82' lang='lat' dir='ltr'><strong>Scaligeria</strong></span> <span class='ocrx_word' id='word_1_361' title='bbox 1191 3974 1292 4036; x_wconf 87' lang='lat' dir='ltr'><strong>nempe</strong></span> <span class='ocrx_word' id='word_1_362' title='bbox 1323 3974 1379 4019; x_wconf 87' lang='lat' dir='ltr'><strong>nun</strong></span> 
     </span>
     <span class='ocr_line' id='line_1_39' title="bbox 124 4059 1380 4148; baseline -0.005 -21"><span class='ocrx_word' id='word_1_363' title='bbox 124 4066 191 4148; x_wconf 94' lang='lat' dir='ltr'><strong>plus</strong></span> <span class='ocrx_word' id='word_1_364' title='bbox 215 4064 392 4126; x_wconf 90' lang='lat' dir='ltr'><strong>tribuendum</strong></span> <span class='ocrx_word' id='word_1_365' title='bbox 417 4083 497 4145; x_wconf 88' lang='lat' dir='ltr'><strong>qoam</strong></span> <span class='ocrx_word' id='word_1_366' title='bbox 531 4066 654 4142; x_wconf 90' lang='lat' dir='ltr'><strong>margini</strong></span> <span class='ocrx_word' id='word_1_367' title='bbox 683 4063 935 4143; x_wconf 79' lang='lat' dir='ltr'><strong>Antverpieusis;</strong></span> <span class='ocrx_word' id='word_1_368' title='bbox 967 4062 1035 4144; x_wconf 93' lang='lat' dir='ltr'><strong>quid</strong></span> <span class='ocrx_word' id='word_1_369' title='bbox 1059 4066 1151 4123; x_wconf 84' lang='lat' dir='ltr'><strong>autern</strong></span> <span class='ocrx_word' id='word_1_370' title='bbox 1174 4077 1276 4136; x_wconf 88' lang='lat' dir='ltr'><strong>margo</strong></span> <span class='ocrx_word' id='word_1_371' title='bbox 1300 4059 1380 4121; x_wconf 80' lang='lat' dir='ltr'><strong>nor-</strong></span> 
     </span>
     <span class='ocr_line' id='line_1_40' title="bbox 126 4164 1380 4248; baseline -0.008 -18"><span class='ocrx_word' id='word_1_372' title='bbox 126 4169 292 4248; x_wconf 86' lang='lat' dir='ltr'><strong>verpiensis</strong></span> <span class='ocrx_word' id='word_1_373' title='bbox 315 4166 429 4243; x_wconf 87' lang='lat' dir='ltr'><strong>valeat,</strong></span> <span class='ocrx_word' id='word_1_374' title='bbox 459 4187 547 4246; x_wconf 92' lang='lat' dir='ltr'><strong>supra</strong></span> <span class='ocrx_word' id='word_1_375' title='bbox 571 4168 761 4244; x_wconf 88' lang='lat' dir='ltr'><strong>dictumest,</strong></span> <span class='ocrx_word' id='word_1_376' title='bbox 793 4167 841 4228; x_wconf 80' lang='lat' dir='ltr'><strong>unt</strong></span> <span class='ocrx_word' id='word_1_377' title='bbox 864 4164 902 4229; x_wconf 88' lang='lat' dir='ltr'><strong>de</strong></span> <span class='ocrx_word' id='word_1_378' title='bbox 923 4165 1013 4227; x_wconf 87' lang='lat' dir='ltr'><strong>Paulo</strong></span> <span class='ocrx_word' id='word_1_379' title='bbox 1036 4164 1168 4227; x_wconf 89' lang='lat' dir='ltr'><strong>lllauuiio</strong></span> <span class='ocrx_word' id='word_1_380' title='bbox 1190 4167 1222 4224; x_wconf 83' lang='lat' dir='ltr'><strong>et</strong></span> <span class='ocrx_word' id='word_1_381' title='bbox 1245 4164 1380 4223; x_wconf 75' lang='lat' dir='ltr'><strong>sorvor-</strong></span> 
     </span>
     <span class='ocr_line' id='line_1_41' title="bbox 125 4262 1380 4352; baseline -0.005 -20"><span class='ocrx_word' id='word_1_382' title='bbox 125 4273 222 4352; x_wconf 86' lang='lat' dir='ltr'><strong>pieusi</strong></span> <span class='ocrx_word' id='word_1_383' title='bbox 247 4275 339 4332; x_wconf 82' lang='grc'><strong>1566.</strong></span> <span class='ocrx_word' id='word_1_384' title='bbox 379 4268 426 4332; x_wconf 82' lang='lat' dir='ltr'><strong>Gi.</strong></span> <span class='ocrx_word' id='word_1_385' title='bbox 457 4291 523 4332; x_wconf 83' lang='lat' dir='ltr'><strong>nrox</strong></span> <span class='ocrx_word' id='word_1_386' title='bbox 552 4272 589 4331; x_wconf 93' lang='lat' dir='ltr'><strong>de</strong></span> <span class='ocrx_word' id='word_1_387' title='bbox 619 4272 749 4349; x_wconf 82' lang='lat' dir='ltr'><strong>nrargine</strong></span> <span class='ocrx_word' id='word_1_388' title='bbox 778 4270 906 4333; x_wconf 86' lang='lat' dir='ltr'><strong>Pitheci.</strong></span> <span class='ocrx_word' id='word_1_389' title='bbox 960 4271 1156 4334; x_wconf 83' lang='lat' dir='ltr'><strong>Coniectanea</strong></span> <span class='ocrx_word' id='word_1_390' title='bbox 1180 4262 1327 4344; x_wconf 87' lang='lat' dir='ltr'><strong>Scaligeri</strong></span> <span class='ocrx_word' id='word_1_391' title='bbox 1350 4265 1380 4327; x_wconf 84' lang='lat' dir='ltr'><strong>ia</strong></span> 
     </span>
     <span class='ocr_line' id='line_1_42' title="bbox 125 4368 1379 4456; baseline -0.005 -21"><span class='ocrx_word' id='word_1_392' title='bbox 125 4375 215 4456; x_wconf 85' lang='lat' dir='ltr'><strong>Diras</strong></span> <span class='ocrx_word' id='word_1_393' title='bbox 238 4374 264 4434; x_wconf 88' lang='lat' dir='ltr'><strong>si</strong></span> <span class='ocrx_word' id='word_1_394' title='bbox 287 4392 344 4435; x_wconf 92' lang='lat' dir='ltr'><strong>uon</strong></span> <span class='ocrx_word' id='word_1_395' title='bbox 367 4375 459 4435; x_wconf 83' lang='lat' dir='ltr'><strong>cornia</strong></span> <span class='ocrx_word' id='word_1_396' title='bbox 481 4378 568 4453; x_wconf 85' lang='lat' dir='ltr'><strong>atque</strong></span> <span class='ocrx_word' id='word_1_397' title='bbox 590 4375 706 4450; x_wconf 84' lang='lat' dir='ltr'><strong>integra</strong></span> <span class='ocrx_word' id='word_1_398' title='bbox 729 4376 921 4455; x_wconf 85' lang='lat' dir='ltr'><strong>recepissem,</strong></span> <span class='ocrx_word' id='word_1_399' title='bbox 954 4392 1087 4452; x_wconf 87' lang='lat' dir='ltr'><strong>magnum</strong></span> <span class='ocrx_word' id='word_1_400' title='bbox 1110 4388 1171 4431; x_wconf 91' lang='lat' dir='ltr'><strong>meo</strong></span> <span class='ocrx_word' id='word_1_401' title='bbox 1193 4368 1268 4429; x_wconf 81' lang='lat' dir='ltr'><strong>lilrro</strong></span> <span class='ocrx_word' id='word_1_402' title='bbox 1291 4386 1379 4429; x_wconf 88' lang='lat' dir='ltr'><strong>oroa-</strong></span> 
     </span>
     <span class='ocr_line' id='line_1_43' title="bbox 127 4472 1380 4562; baseline -0.006 -22"><span class='ocrx_word' id='word_1_403' title='bbox 127 4483 249 4540; x_wconf 88' lang='lat' dir='ltr'><strong>meutnm</strong></span> <span class='ocrx_word' id='word_1_404' title='bbox 272 4475 387 4540; x_wconf 84' lang='lat' dir='ltr'><strong>deesse</strong></span> <span class='ocrx_word' id='word_1_405' title='bbox 407 4478 611 4541; x_wconf 84' lang='lat' dir='ltr'><strong>existimarem.</strong></span> <span class='ocrx_word' id='word_1_406' title='bbox 668 4476 809 4562; x_wconf 78' lang='lat' dir='ltr'><strong>Quodsi</strong></span> <span class='ocrx_word' id='word_1_407' title='bbox 830 4479 897 4559; x_wconf 89' lang='lat' dir='ltr'><strong>quis</strong></span> <span class='ocrx_word' id='word_1_408' title='bbox 918 4477 996 4542; x_wconf 88' lang='lat' dir='ltr'><strong>iuter</strong></span> <span class='ocrx_word' id='word_1_409' title='bbox 1016 4473 1166 4557; x_wconf 89' lang='lat' dir='ltr'><strong>praeclara</strong></span> <span class='ocrx_word' id='word_1_410' title='bbox 1187 4475 1274 4556; x_wconf 88' lang='lat' dir='ltr'><strong>atquc</strong></span> <span class='ocrx_word' id='word_1_411' title='bbox 1297 4472 1380 4533; x_wconf 89' lang='lat' dir='ltr'><strong>onice</strong></span> 
     </span>
    </p>
   </div>
   <div class='ocr_carea' id='block_1_3' title="bbox 0 0 1482 4986">
    <p class='ocr_par' dir='ltr' id='par_1_3' title="bbox 0 0 1482 4986">
     <span class='ocr_line' id='line_1_44' title="bbox 0 0 1482 4986; baseline 0 0"><span class='ocrx_word' id='word_1_412' title='bbox 0 0 1482 4986; x_wconf 95' lang='lat' dir='ltr'><strong> </strong></span> 
     </span>
    </p>
   </div>
  </div>
 </body>
</html>
