2948 4986
115 205 192 281 aaa
454 269 457 276 ,
539 199 939 271 auumanvensmvns

115 372 184 439 mibi
205 373 358 453 probabile
379 376 443 453 est,
466 374 674 456 antiquioribus
695 377 857 454 pastorem,
879 372 929 441 vel
951 369 1125 453 βουκόλον,
1148 377 1241 439 tuisse
1256 377 1350 457 ldody-

115 480 249 550 mioaemr
272 477 389 544 alteram
411 479 613 554 narrationem,
636 495 711 558 quae
732 497 793 539 eum
819 483 988 566 venatorem·
1005 481 1092 558 iacit,
1115 498 1197 561 quam
1215 498 1290 543 nunc
1308 500 1350 542 re·

115 581 306 657 cautioribus,
329 579 385 643 boc
408 585 468 659 est,
492 581 662 644 nustriaevi
684 580 863 659 haminibus,
886 583 1064 661 pictoribus,
1086 582 1170 660 aliis,
1184 601 1350 650 communem

114 686 218 762 video,
241 684 335 762 magis
357 685 507 764 magisque
523 684 701 760 divulgatam
723 703 806 762 csse,
830 694 981 767 postquam
998 689 1094 767 opinio
1111 687 1148 749 de
1166 685 1248 751 leuna
1264 687 1350 749 Diana

114 788 295 853 invaluisset.
328 786 386 850 lam
408 807 470 851 cum
491 787 538 850 lais
561 782 934 867 opintontbuqeovxllm
955 791 1283 868 luissellndymionem,
1307 791 1348 853 vel

113 896 295 969 venatorem,
319 910 375 956 non
398 893 472 957 satis
495 894 631 952 convenit
653 890 736 969 illud,
759 893 834 972 quod
857 892 972 957 tradunt
994 893 1139 970 nonnulii,
1168 899 1272 956 noctes
1294 914 1349 957 eum

112 993 321 1074 pervigilasse.
349 995 397 1058 lte
418 997 559 1059 venatore
582 994 692 1074 quidem
714 994 859 1057 concedo:
883 996 946 1057 lieri
963 999 1079 1076 polest,
1104 1001 1134 1063 ut
1156 1001 1269 1059 noctem
1285 1016 1347 1076 per-

111 1098 218 1177 vigilet
238 1101 375 1174 venator,
398 1097 448 1163 vel
471 1101 550 1161 certo
573 1100 682 1177 partem
704 1099 809 1161 noctis.
843 1103 875 1163 ut
895 1103 943 1161 est
963 1099 1040 1180 apud
1061 1085 1234 1163 Horatium:
1256 1111 1347 1167 maaet

112 1201 169 1264 aab
195 1202 271 1265 loce
296 1201 415 1284 stipido
448 1200 589 1265 Mater.
644 1203 688 1266 At
715 1194 889 1276 βουκόλον,
924 1186 1085 1282 pasionem,
1116 1204 1240 1268 domnice
1269 1204 1346 1271 decet

110 1309 213 1382 noctu,
237 1323 293 1368 ooo
314 1305 450 1385 vigilare.
496 1306 548 1370 Sic
570 1310 662 1370 amen
684 1303 822 1382 Nummus,
846 1305 914 1370 vll.
940 1313 1012 1369 aaa.
1139 1338 1142 1342 -

327 1404 374 1479 εἰς
397 1403 493 1482 λέχος
511 1398 740 1481 Ἐνδυμίωνος,
764 1403 957 1485 ἅκοιμήτοιο
980 1407 1110 1486 νομῆος.

109 1513 281 1593 iterumque:
294 1530 357 1577 nam
380 1513 577 1577 emendatione
590 1511 721 1573 Nonnum
743 1512 837 1575 beabo
858 1510 914 1575 lnac
936 1514 1170 1593 opportunitate,
1195 1532 1277 1596 quam
1294 1532 1341 1594 ap-

108 1616 258 1695 probatum
281 1616 317 1681 irl
344 1615 459 1679 Graeiio
486 1616 565 1677 scio:
587 1614 672 1678 Xlll.
696 1619 770 1677 554.

323 1714 477 1794 Λάτμιον
501 1713 589 1796 ἀμφὶ
609 1714 752 1794 {idacios
774 1713 972 1797 α’κοιμήτοιο
990 1718 1120 1805 νομῆος.

37 1895 39 1898 ,
109 1824 158 1885 ubl
180 1822 289 1901 vulgo:
312 1815 468 1898 Λάτμιον
491 1817 520 1886 οἱ.
545 1823 576 1898 β,
601 1818 794 1901 ἀκοιμήτοιο
818 1818 972 1901 Σελήνης.
1008 1825 1088 1907 Quae
1104 1826 1153 1888 'sit'
1170 1825 1340 1889 emendatio·

109 1928 156 1988 nis
184 1930 361 2006 necessitas,
394 1945 467 2008 quae
497 1928 687 2011 corruptionis
715 1945 850 2006 caussae,
879 1933 960 2006 patet
990 1929 1129 2007 peritiori.
1175 1929 1229 1990 Sic
1258 1932 1341 1989 autem

109 2032 186 2094 solet
207 2050 260 2091 sua
281 2034 413 2110 repetere
435 2030 565 2092 Nummus.
612 2029 650 2092 Ut
673 2030 747 2112 qood
777 2030 846 2091 lbld.
868 2030 952 2092 Xlll.
976 2035 1048 2092 556.
1082 2031 1191 2108 legitur
1219 2029 1341 2093 hemisti-

111 2135 219 2212 chium,
242 2130 462 2210 conecterem
487 2127 644 2210 Σελήνης,
671 2135 819 2214 repetitum
842 2137 888 2195 est
911 2153 949 2195 ex
971 2134 1045 2196 libro
1069 2134 1123 2196 lV.
1139 2139 1215 2196 225.
1237 2135 1341 2198 tertiam

109 2239 191 2300 venit
218 2237 346 2301 XXXII.
377 2244 428 2298 at.
457 2242 486 2298 el
514 2238 650 2299 audacius
680 2239 776 2299 eadem
809 2239 837 2299 in
860 2237 972 2315 fabula,
1003 2237 1146 2300 XXXlll.
1170 2243 1223 2301 ai.
1246 2238 1340 2295 nodu-

110 2337 214 2423 βλήτῳ
238 2336 326 2417 παρὰ
348 2336 459 2422 πέτρῃ.
497 2336 594 2414 λέχος
612 2335 1005 2419 Ἐνδυμίωνος-νομῆος
1026 2341 1118 2404 habas
1141 2344 1340 2407 eilaml.832.

109 2448 237 2530 Quonam
263 2447 354 2524 igitur
381 2446 464 2509 modo
493 2444 550 2511 boo
578 2446 669 2524 accipi
698 2445 791 2508 voluit
818 2445 954 2523 Nonnus,
986 2439 1178 2522 α’κοιμήτοιο
1208 2440 1341 2523 sapinci

108 2552 157 2617 An
180 2553 237 2626 ita,
261 2557 292 2616 ut
313 2554 390 2616 totas
412 2554 514 2614 noctes
536 2550 653 2613 amicam
676 2567 753 2609 suam
768 2549 928 2627 Endymion
951 2543 1194 2629 exspectaverit?
1216 2553 1342 2629 utsupra

109 2656 219 2719 modum
237 2653 439 2720 lascivahooa
461 2671 513 2733 por
536 2657 613 2720 lotae
636 2655 737 2713 noctes
759 2652 923 2714 exercuerit
936 2647 1164 2732 Endymionemi
1187 2653 1256 2717 Non
1269 2657 1340 2734 puto.

108 2760 183 2821 Puto
206 2759 299 2834 nangis
321 2755 450 2821 Noenum
473 2756 600 2818 indicare
628 2754 674 2815 his
696 2753 770 2817 locis
791 2755 938 2832 voluisse,
961 2755 1026 2837 quid
1043 2756 1098 2817 sul>
1119 2775 1155 2818 ea
1172 2756 1270 2819 tabula
1287 2755 1342 2818 veri

109 2862 223 2925 lateret.
269 2859 389 2923 §cilleet
416 2859 501 2921 multo
530 2863 596 2924 anta
623 2859 753 2921 Noenum
784 2864 910 2938 tempore
938 2859 1094 2939 explicatio
1124 2859 1241 2921 tabulae
1268 2861 1341 2923 istius

108 2966 228 3027 inventa
249 2966 342 3027 luerat
371 2962 460 3028 baec:
491 2964 605 3042 primum
634 2961 840 3040 llndymionem
862 2963 1054 3024 astronomiae
1081 2980 1198 3041 operam
1217 2962 1341 3036 dedisse,

110 3068 259 3148 lunamque
285 3066 473 3132 observasse.
518 3063 564 3129 Oi.
587 3065 706 3126 Scholia
728 3064 877 3144 Apollonii
900 3063 919 3126 l.
943 3065 962 3129 l.
991 3065 1163 3144 Anonymus
1192 3067 1229 3128 dc
1252 3066 1340 3128 lacre·

110 3170 223 3237 dibilib.
247 3188 311 3249 cap.
333 3169 402 3237 Xll.
425 3169 525 3254 Plintis
548 3170 585 3231 ll.
608 3169 646 3232 N.
668 3168 708 3234 ll·
731 3191 775 3231 rx.
811 3171 912 3251 ltaque
934 3168 1007 3233 hanc
1027 3168 1150 3231 Nonous
1173 3170 1340 3250 explicatio-

109 3294 172 3341 aem
194 3276 370 3355 respiciens,
393 3273 466 3336 locis
488 3272 547 3335 illis
570 3273 698 3351 duobus,
721 3273 797 3354 quod
818 3291 915 3352 parum
933 3273 1057 3334 decebat
1073 3278 1203 3352 poetam,
1225 3273 1339 3335 tabulam

109 3399 170 3442 cum
200 3379 394 3458 explicatione
422 3377 538 3443 tabulae
565 3378 693 3453 miscuit,
723 3376 900 3438 concubitum
929 3376 1025 3437 Lunae
1053 3395 1288 3452 commemorans,
1315 3379 1338 3439 el

110 3481 216 3561 νομῆα
238 3482 388 3563 appellans
410 3482 630 3562 lladynrionem,
654 3479 710 3543 sed
733 3475 922 3556 ἀκοίμητον,
947 3499 1002 3559 quo
1018 3480 1199 3556 signiticaret
1219 3481 1337 3564 indeles-

110 3607 172 3651 sum
195 3592 384 3651 astronomiam
412 3586 552 3668 lunaeque
580 3585 797 3647 observatorem
819 3584 911 3644 luisse
933 3584 1146 3661 Endymioneos.
1192 3584 1337 3647 Praeterea

112 3690 200 3756 semel
222 3692 294 3757 idem
315 3695 416 3772 aperte
438 3690 585 3770 publicare
607 3707 642 3751 ao
664 3687 786 3767 prodere
809 3704 911 3756 areana
925 3686 1095 3759 tabularum,
1119 3705 1231 3769 proque
1252 3684 1337 3749 fabulo

111 3794 331 3874 explicationem
353 3812 463 3875 ponere
490 3792 604 3855 tabulae
633 3810 721 3856 ausus
748 3792 809 3863 est,
835 3789 914 3853 Xlil.
938 3795 1011 3851 aia.
1034 3808 1098 3871 seq.
1128 3791 1178 3851 ubi
1206 3793 1281 3855 inter
1297 3792 1336 3852 la-

109 3901 249 3963 veatores
270 3916 361 3963 rerum
381 3899 538 3979 artiumque
559 3897 728 3964 recensetur
748 3894 919 3973 Endymion.
964 3893 1077 3976 Quibus
1099 3895 1242 3976 antiquam
1262 3895 1338 3957 iabu-

111 4000 165 4065 lam
187 4003 316 4081 sequitur
329 4001 465 4075 Nonnus,
488 3999 546 4067 loci
564 3996 642 4061 multi
666 3999 747 4059 sunt:
771 4016 886 4078 quorum
908 4017 991 4061 unum
1012 3998 1263 4078 autumnitati.
1274 4000 1338 4061 aaa.

111 4124 176 4187 sqq.
199 4104 248 4169 ubi
271 4107 311 4170 ita
337 4104 461 4187 loquitur
488 4105 592 4183 poeta,
621 4103 683 4163 acsi
709 4119 763 4180 per
786 4104 1029 4181 totam·‘·noetem,
1059 4101 1109 4167 vel
1136 4120 1191 4181 per
1218 4118 1339 4180 manau

108 4211 202 4275 noctis
224 4213 350 4288 parte'ov,
379 4227 470 4288 usque
493 4207 528 4273 ad
553 4194 691 4282 ὄρθρον,
722 4222 783 4271 cum
806 4207 983 4283 llodyodooe
1012 4206 1118 4269 cubare
1139 4205 1222 4271 bona
1244 4205 1338 4271 soloti·

119 4363 121 4367 -
172 4313 218 4379 lle
240 4314 378 4377 nocturno
400 4310 497 4375 bonae
525 4329 587 4373 cum
609 4310 787 4387 Endymione
814 4311 980 4373 commercio
1011 4309 1149 4376 convenit
1176 4311 1206 4371 ia
1229 4311 1340 4375 unive-

108 4437 169 4481 sum
192 4418 287 4496 poetis
310 4415 500 4488 doctissimis,
524 4411 716 4490 Callimacho,
739 4410 913 4491 Apollonio,
937 4413 1094 4481 Nicandro.
1185 4415 1235 4485 lle
1257 4411 1341 4485 Calli·

106 4520 207 4587 macho
229 4515 314 4586 tasas
336 4524 383 4587 est
403 4517 564 4586 luculentus
586 4515 718 4586 caluam
739 4517 768 4583 ln
791 4513 880 4589 Coma
900 4518 1079 4586 Berenices:
1206 4544 1210 4553 ν
