2948 4986
105 170 185 257 320
562 160 906 257 omsunnrnronr.

106 339 239 410 studiose
261 339 432 419 defugiunt,
463 357 558 423 neque
580 336 655 403 Cato
677 336 803 414 defugit.
848 333 896 398 Gi.
927 335 991 411 Dir.
1016 339 1070 403 86.
1092 340 1148 399 ue.
1170 333 1276 413 idolog.
1298 338 1335 397 li.

108 449 160 506 29.
205 442 261 528 Qui
284 462 391 517 versus
412 461 509 505 onmes
532 441 600 505 nilril
629 442 759 518 labent,
790 439 864 524 qood
887 437 1141 502 animadversione
1163 438 1280 517 dignum
1298 440 1336 503 sit

107 548 162 613 list
184 551 277 610 tumeo
299 545 353 609 hac
375 565 489 629 quoque
517 548 545 607 in
574 566 605 607 re
632 546 748 622 modus,
779 545 809 606 et
837 547 884 609 ost
912 542 960 605 uhi
990 560 1074 603 unam
1101 542 1276 623 scripturam
1292 559 1336 609 non

107 651 241 728 damnes,
264 650 315 711 sed
338 649 455 727 alteram
479 653 636 732 praeferas,
681 630 745 712 lllis
767 645 924 727 exemplis,
946 664 1020 729 quae
1041 644 1216 727 primoloeo
1231 663 1335 709 eumue.

107 755 232 832 moravi,
259 753 346 826 multo
368 754 513 819 deteriora
533 760 600 818 suni
621 753 712 831 lraoo,
735 752 798 815 llir.
823 754 889 833 21..

627 857 826 942 praepingit
848 828 960 919 admd'
972 814 1083 917 coare·

107 964 139 1039 et
158 959 223 1037 Dim
245 963 300 1025 88.
322 979 339 1025 e
360 962 504 1042 scriptura
525 959 657 1023 Aldina:

611 1080 747 1146 'campos
770 1083 825 1128 aee
847 1063 935 1126 odire
958 1061 1071 1127 lineum.

106 1167 262 1243 Deterioro
283 1171 376 1241 antem
398 1171 466 1231 sunt
493 1169 613 1247 propter
643 1169 773 1235 iteratum
801 1163 1041 1246 amphibrachum.
1086 1163 1185 1246 Quare
1208 1165 1240 1226 ut
1260 1180 1333 1244 mque

106 1270 266 1343 huiusmodi
288 1289 393 1334 versus
414 1271 562 1355 proticisci
582 1267 727 1341 aGatone
750 1270 884 1350 potuisse
906 1287 1062 1348 negamus,
1085 1267 1128 1330 iia
1149 1267 1185 1329 ad
1211 1284 1333 1337 nomnen.

107 1375 216 1441 dandus
237 1374 468 1454 emendationes,
491 1392 567 1456 quae
589 1375 737 1453 repositae
759 1392 778 1435 a
799 1373 883 1437 nobis
896 1376 1019 1454 utroque
1039 1371 1106 1433 loco
1129 1375 1215 1449 snut,
1239 1389 1333 1455 marum

107 1497 163 1541 uua
184 1497 239 1545 uun
262 1481 308 1553 est
331 1476 509 1555 emendatio,
533 1477 585 1538 sed
607 1479 785 1559 antiquorum
807 1476 955 1557 scriptura
975 1474 1126 1554 librorum,
1150 1477 1178 1536 si
1202 1471 1334 1545 nonnul.

107 1586 186 1663 tum,
208 1580 313 1663 aliquid
337 1585 430 1645 tamen
452 1581 537 1647 eiiam
564 1581 594 1644 in
621 1599 658 1645 eo
678 1581 804 1671 positum
825 1597 894 1645 esse
916 1578 1101 1658 iudicamus„
1121 1578 1200 1662 qnod
1222 1577 1335 1651 rudimen

107 1685 227 1761 decimus
248 1702 366 1757 versus.

175 1835 224 1898 Ad
246 1855 360 1898 versum
384 1833 505 1899 (tatonis
528 1843 598 1901 170.
621 1835 741 1916 (llnlog.
758 1841 830 1918 67.)
848 1856 945 1900 veram
968 1838 1094 1899 iomasse
1116 1840 1251 1916 potorem
1270 1834 1336 1900 urm

108 1941 359 2019 observationem,
389 1928 604 2004 cocumdedct:
636 1942 826 2025 spondeicus
856 1963 969 2006 versus
991 1940 1201 2004 decumbentis
1224 1943 1336 2023 manm-

108 2066 169 2108 rem
192 2044 345 2106 indicans.
368 2044 490 2107 utillud
519 2063 649 2128 qnoque,
680 2044 742 2107 uer.
774 2053 825 2109 ii.
848 2044 947 2132 'quom
975 2045 1106 2108 saecula
1132 2045 1337 2121 volvebantur,-

110 2147 241 2210 consulto
263 2150 386 2228 positum
408 2168 477 2211 esse
499 2136 663 2237 crederem,
687 2153 719 2211 nt
734 2149 896 2227 virgiliana
917 2146 1055 2230 mcpmrm
1077 2148 1166 2212 lovis
1192 2153 1338 2212 temeres-

108 2264 186 2328 tum,
211 2252 352 2335 Pdrppic
373 2258 496 2336 cpmioc
518 2257 743 2337 circumspexit.
788 2254 842 2314 sed
864 2252 964 2313 obstat
984 2251 1090 2314 liolr.
1110 2256 1163 2315 33.
1188 2252 1270 2316 soca
1286 2269 1337 2334 pn-

110 2356 183 2419 dula
204 2357 375 2438 fastidire,
407 2376 462 2439 qno
492 2357 521 2417 io
550 2375 639 2418 versu
662 2376 744 2418 neom
773 2356 913 2439 nmquam,
936 2354 997 2417 ’nisi
1025 2357 1151 2436 ineptire
1173 2355 1268 2433 velit,
1290 2355 1338 2415 vlu

108 2460 231 2539 spondei
255 2459 429 2538 singularem
452 2459 692 2522 commonstrabit.
736 2461 837 2542 ltaque
870 2460 1008 2524 Catonem
1036 2468 1142 2522 censeo
1172 2480 1231 2523 mon
1260 2460 1339 2537 mugio

109 2581 190 2644 qnam
214 2561 354 2625 Catullum
376 2562 524 2641 singulare
557 2564 586 2624 in
613 2565 750 2627 versibus
778 2565 944 2644 spondiacis
973 2566 1159 2647 quaesivisse
1195 2564 1339 2627 artilioimn.

109 2666 184 2728 Sunt
212 2668 288 2746 apud
319 2665 459 2730 Catullum
486 2670 514 2730 in
544 2668 669 2730 carmine
699 2668 782 2746 epieo
812 2666 961 2746 spondiael
992 2686 1097 2739 versus
1124 2667 1232 2731 multi:
1258 2666 1341 2744 legem

108 2788 214 2832 versus
240 2771 408 2851 spondaei,
441 2789 645 2854 caussamque,
673 2788 723 2832 eur
751 2768 875 2848 singuiis
909 2769 981 2832 loeis
1011 2770 1340 2851 spondiacumiecerll,

107 2875 224 2953 reperio
247 2873 368 2950 nnllam,
389 2875 454 2935 *nisi
484 2873 572 2953 lano,
606 2874 681 2957 qood
703 2874 975 2953 amarespondrnm
997 2874 1115 2936 videtur
1136 2875 1165 2935 ln
1196 2873 1341 2937 nominilms

109 2976 251 3055 propriis,
273 2978 455 3054 peregrinis,
476 2979 618 3054 graecis:
642 2981 814 3056 Accidens,
836 2979 1036 3060 Amphitrites
1042 3020 1054 3054 ,
1069 2976 1249 3063 Neptuniae
1256 3022 1266 3056 ,
1284 2976 1340 3039 lm

110 3082 255 3155 rioscec,
278 3078 404 3156 Piraei,
431 3081 618 3143 Minotauro.
649 3081 806 3143 deludent
834 3079 898 3160 alii,
921 3082 1005 3143 etiam
1033 3080 1155 3161 Graeci,
1187 3085 1288 3161 cavet,
1310 3094 1339 3141 ne

110 3200 199 3262 supro
220 3183 333 3244 modum·
351 3184 514 3266 frequentet
543 3182 735 3264 spondiacum.

175 3335 275 3400 Paullo
297 3339 470 3409 fructuosior
500 3338 556 3400 erit
585 3338 621 3400 de
650 3339 769 3409 elisione
799 3341 966 3421 disputatio.
1009 3341 1081 3405 llius
1102 3342 1228 3407 maxone
1247 3357 1337 3405 neure

109 3441 212 3505 rabilia
234 3444 307 3522 apud
333 3439 469 3505 (inionem
492 3442 624 3524 exennpla
644 3443 718 3509 lraeo
740 3448 824 3523 suot,
854 3445 917 3506 Dir.
944 3451 971 3513 i·
995 3448 1047 3519 45,
1072 3449 1125 3510 oo.
1150 3451 1204 3511 80.
1227 3442 1336 3525 81.θί

109 3545 173 3613 Ecl.
197 3550 249 3609 20·
273 3553 324 3609 66.
354 3550 384 3609 el
406 3547 469 3611 Dlr·
494 3552 546 3611 98.
590 3575 634 3637 51

583 3653 680 3715 libera
703 3596 814 3715 aalma.

582 3759 675 3839 impia
698 3757 828 3839 agellos.

581 3860 703 3941 flumine
726 3864 835 3922 auden.

581 3962 704 4026 aduena
726 3973 844 4027 arctor.

529 4131 530 4134 ,
582 4069 707 4143 erimine
729 4067 837 4146 apelli.

581 4169 716 4237 Baliare
738 4189 850 4233 anema.
874 4222 877 4228 ,

582 4273 703 4355 paudite
723 4274 856 4351 inieris,

583 4377 689 4441 ludere
710 4381 741 4439 ia
762 4378 866 4445 ieris.

284 4478 403 4555 Dulcia
423 4498 532 4551 mucra
557 4499 607 4564 pr.
627 4482 656 4565 f.
