2946 4988
184 192 263 263 18⁴1
607 184 1010 251 nitiminvuitstonbs
1142 236 1147 243 .

184 379 230 442 sq.
254 362 295 423 itu
318 357 461 442 loquitur,
484 360 546 421 ausi
568 360 633 439 ipsa
656 362 731 422 inter
752 358 849 421 sidera
872 360 1066 439 oouspioiotur
1084 358 1224 422 Ariadne.
1273 361 1321 423 ‚tu
1342 359 1430 425 horo-

184 482 243 525 rem
266 465 358 542 euim,
389 464 551 545 amorisque
575 463 826 538 testimonum,
847 463 970 542 puellam
994 463 1130 525 oolioeari
1154 464 1229 526 iuter
1250 466 1370 539 sidera,
1397 482 1429 527 au

186 586 320 630 eoronam
349 566 480 647 puellae,
511 568 583 628 idem
612 570 671 628 eut.
716 566 841 646 Similis,
865 567 918 628 sed
942 574 1033 628 tamon
1057 584 1113 628 nou
1137 567 1237 629 eadem
1259 570 1337 631 ratio
1359 571 1430 633 Pro·

187 671 273 751 petili
296 674 357 746 est,
381 669 433 731 ΙΙΙ.
458 694 535 731 xvrr.
560 677 589 731 l.

183 770 185 775 ’
356 775 399 837 Te
422 794 541 859 quoque
562 777 639 837 enim
662 793 721 837 noa
741 793 815 836 esse
835 774 937 835 rudem
959 783 1094 836 testatur
1116 777 1147 835 io
1168 778 1272 837 aritio

439 877 599 959 56661666
622 877 666 940 66
688 878 801 940 eoelum
822 888 912 940 vectu
934 877 1080 939 Ariadna
1102 881 1177 941 tuis.

184 981 233 1044 ubi
257 999 338 1062 quum
358 981 485 1042 uououlli
506 983 564 1043 sibi
583 980 770 1058 tautologiam
788 983 918 1042 invenire
940 983 996 1041 visi
1019 984 1103 1057 suut,
1127 1000 1159 1042 re
1183 999 1254 1042 uera
1276 980 1357 1043 uuila
1378 987 1429 1043 est

183 1084 348 1166 Distinguit
369 1088 456 1162 poeta
479 1064 570 1164 ipsam
592 1083 803 1147 immortalitate
826 1085 972 1154 donatam,
998 1084 1167 1165 Liberoque
1190 1085 1317 1145 lunulam
1335 1086 1429 1147 matri-

99 1234 111 1273 q
182 1189 294 1266 monio,
316 1187 483 1263 Ariadnen,
506 1192 536 1250 et
557 1187 714 1250 mortalium
737 1187 828 1251 oeulis
856 1189 883 1249 in
907 1187 988 1249 66616
1013 1187 1176 1265 expositam
1200 1206 1338 1249 eoronam
1359 1190 1429 1249 eius.

184 1291 231 1354 Gi.
249 1291 364 1352 Probus
385 1292 460 1371 apud
483 1291 693 1353 Broulrhusium
713 1294 751 1355 ad
773 1310 836 1354 eom
858 1289 967 1367 looum,
992 1291 1082 1353 (lvii.
1105 1291 1185 1353 last.
1208 1290 1262 1353 111.
1283 1291 1360 1355 450.
1380 1299 1429 1354 60.

184 1399 257 1456 511.
282 1413 348 1476 sqq.
1263 1448 1267 1461 ,

245 1498 350 1579 Neque
379 1494 474 1559 aliena
500 1499 632 1562 suntab
659 1495 715 1560 heu
738 1498 935 1578 disputatione
961 1499 1104 1574 Taurus,
1138 1498 1275 1583 Aquita,
1308 1498 1430 1582 opem

183 1602 290 1664 sidera.
335 1599 416 1682 Quae
446 1603 477 1663 et
498 1601 667 1663 mortalibus
695 1601 742 1663 dei
770 1620 892 1663 amorum
922 1603 1102 1678 testimonla,
1134 1606 1165 1664 et
1196 1601 1261 1663 666.
1281 1601 1326 1663 illi
1354 1603 1428 1682 ipsi,

183 1704 413 1788 661611666666
442 1708 558 1766 iormas³
580 1703 645 1767 illas
672 1705 829 1781 induisset,
859 1710 998 1785 perpetua
1026 1709 1109 1767 eraut
1137 1705 1309 1783 gaudiorum
1339 1707 1430 1767 oront·

183 1816 288 1871 meutn.
335 1810 367 1870 lu
397 1807 517 1889 aquilam
540 1828 622 1891 quum
645 1826 702 1873 uon
723 1806 812 1871 semei
835 1826 869 1869 se
892 1810 1071 1871 eonverterit
1095 1807 1240 1888 luppiter,
1273 1809 1328 1870 sed
1351 1810 1430 1866 uol-

184 1907 293 1981 λάκις,
318 1917 350 1973 ut
371 1911 543 1974 Athenaeus
566 1911 649 1975 Xlll.
673 1918 746 1975 566.
769 1915 804 1976 b.
827 1913 884 1986 uit,
906 1912 1051 1996 Aquilam
1073 1913 1155 1973 sidus
1177 1911 1311 1994 plerique
1327 1911 1427 1991 Gany·

183 2016 273 2077 medis
295 2021 437 2095 raptorem
456 2018 555 2077 lovem
579 2035 647 2079 esse
668 2020 815 2092 statuunt,
836 2015 975 2092 Nummus,
998 2015 1171 2078 memorabili
1193 2015 1351 2090 dissensu,
1367 2017 1428 2077 em

184 2125 294 2200 raptum
317 2119 354 2180 ab
377 2119 471 2200 aquilo
488 2119 561 2181 love
580 2118 772 2199 Ganymedem
796 2120 894 2190 novit,
917 2120 1054 2203 Aquilae
1075 2120 1174 2181 sidere
1196 2126 1343 2197 raptorem
1365 2120 1425 2182 Ae-

186 2230 279 2306 pr'nae
302 2227 400 2286 lovum
423 2223 582 2300 significari
606 2225 724 2299 statuit,
746 2223 832 2285 XVl.
856 2227 908 2285 58.
932 2230 962 2285 9.
984 2221 1128 2285 xxxiii.
1151 2228 1226 2286 nur.

249 2328 381 2410 Denique
403 2329 541 2390 Perseus
564 2327 645 2388 sidus
668 2324 732 2386 lovi
755 2328 878 2407 itemque
899 2325 1081 2405 mortalibus,
1106 2328 1134 2387 iu
1155 2328 1319 2391 memoriam
1340 2346 1422 2391 revo-

186 2452 252 2496 uare
277 2433 413 2495 Danaen
441 2433 565 2511 poterat,
610 2426 657 2492 Gi.
680 2428 802 2492 Nooous
826 2430 910 2492 Vllt.
946 2435 1018 2491 100.
1048 2449 1094 2511 sq.
1138 2429 1198 2493 Sed
1223 2431 1354 2493 Perseus
1380 2437 1419 2494 u·

184 2555 247 2627 meu
270 2555 325 2597 noo
349 2541 403 2597 tam
427 2538 547 2614 propter
568 2538 699 2613 matrem,
723 2551 804 2614 quam
827 2538 946 2614 propter
958 2535 1043 2595 tortia
1065 2536 1140 2596 lauta
1162 2534 1240 2597 iuter
1259 2535 1358 2613 sidera
1377 2553 1418 2597 re-

185 2640 262 2702 latus
284 2643 348 2702 est:
371 2641 409 2701 oi.
432 2635 580 2703 ernosto.
604 2635 716 2700 Catust.
741 2639 801 2698 xv,
817 2641 848 2699 et
870 2659 951 2697 xxm.
994 2658 997 2663 ·

250 2846 353 2908 Redeo
376 2845 410 2906 nd
435 2842 590 2922 (hutonem,
621 2845 703 2906 ouius
726 2842 908 2924 explananda
930 2849 1022 2907 restat
1043 2844 1248 2924 parenthesis,
1278 2866 1349 2909 anm
1368 2845 1417 2907 uii-

186 2954 238 3013 oie
254 2951 343 3031 suma
361 2949 488 3033 loquuta
510 2958 574 3011 cst:
598 2953 697 3012 omnia
717 2969 775 3013 666
793 2949 887 3012 'cutim
930 2968 1002 3009 unm
1023 2950 1207 3011 usitatissima
1229 2951 1266 3010 ad
1291 2950 1419 3011 16616666-

188 3053 251 3115 dem
280 3053 465 3132 parenthesin
495 3053 643 3133 purtieuln.
695 3055 800 3133 Aeque
829 3054 970 3130 usitatus,
1003 3055 1034 3113 et
1062 3054 1123 3114 iere
1144 3051 1296 3115 solieomis
1319 3052 1418 3115 dieendi

187 3156 305 3232 modus,
328 3158 415 3236 fama
437 3157 649 3241 loquuturum,
670 3158 759 3238 sama
786 3156 930 3241 loquitur.
975 3154 1107 3218 Catullus
1129 3155 1283 3219 LXXVII.
1311 3163 1361 3219 10.
1378 3157 1420 3241 qai

188 3264 257 3336 oio,
284 3261 373 3341 suma
400 3261 540 3345 loquetur
561 3282 653 3324 6666.
699 3260 745 3325 Gi.
769 3258 814 3321 161.
843 3259 881 3321 66
905 3259 994 3323 hiant.
1019 3263 1071 3320 lo.
1100 3262 1200 3341 [acite
1219 3261 1301 3323 haee
1322 3262 1419 3325 enarra

187 3365 332 3450 loquutur
354 3384 444 3427 anua.
489 3362 621 3427 luuoonus
644 3363 697 3427 tv.
717 3368 790 3425 573.
809 3366 839 3424 t.
884 3362 1011 3427 Nullam
1032 3367 1146 3425 maiore
1166 3363 1274 3425 toouta
1298 3373 1351 3427 eut
1370 3361 1419 3427 06

188 3481 284 3532 ratem
311 3477 402 3531 totum
431 3467 607 3531 discurrens
628 3469 717 3549 sumu
736 3488 793 3550 per
819 3467 926 3530 urbem.
973 3464 1105 3527 Velleius
1134 3465 1199 3528 Pat.
1223 3466 1263 3529 11.
1289 3471 1417 3529 xerunt

189 3583 223 3641 ui
242 3574 331 3655 sumu
359 3572 505 3656 loquitur.
549 3571 607 3635 llio
629 3573 723 3636 silvie
751 3572 849 3643 addit,
880 3570 1019 3633 dativum,
1061 3570 1100 3632 ut
1129 3570 1204 3631 beue
1226 3573 1325 3635 sitnia
1348 3573 1417 3634 loun

189 3679 296 3752 tuisse,
329 3693 382 3753 per
415 3676 520 3738 situas
549 3676 730 3739 increbuisse
758 3678 872 3753 laruam,
903 3675 987 3751 dioit,
1016 3674 1082 3754 quin
1113 3692 1226 3736 amores
1256 3674 1417 3739 deorumst

189 3781 278 3860 prisoi
300 3781 366 3841 aevi
388 3778 544 3855 hominum,
566 3778 603 3840 66
625 3778 892 3861 quihusbueretluus
910 3777 949 3838 V.
973 3782 1046 3839 060.
1092 3779 1264 3858 Propertius
1286 3778 1345 3841 Ill.
1363 3799 1416 3841 xum

191 3891 243 3944 33.
269 3889 297 3944 i.
321 3887 478 3960 testantur,
500 3882 537 3942 ad
559 3882 653 3943 silvan
676 3887 706 3943 et
728 3881 793 3944 1666
816 3881 932 3943 deserta
955 3881 1056 3942 reterri
1080 3879 1228 3959 solebaot3
1261 3901 1356 3966 neque
1373 3880 1418 3945 iu

190 3987 308 4067 illepide
330 3989 450 4064 iactum,
482 3985 558 4068 quod
580 3988 772 4065 perimam,
801 3987 883 4066 quasi
906 3985 1006 4047 invitis
1035 3984 1105 4061 diis,
1133 3985 1294 4048 innotuisse
1323 3980 1417 4048 aunum

192 4092 306 4152 deorum
329 4092 423 4168 tingit.
468 4090 574 4152 Durum
596 4089 680 4151 aiioui
702 4091 850 4165 videatur,
864 4088 950 4169 quud
972 4089 1028 4149 duo
1052 4088 1124 4157 haue
1145 4089 1332 4167 parenthesis
1345 4107 1416 4151 mm·

190 4197 244 4258 bra
267 4195 370 4272 habet,
400 4212 514 4275 quorum
538 4214 619 4255 uuum
641 4193 748 4274 pendet
770 4194 807 4255 ab
835 4193 948 4257 altero:
978 4197 1080 4255 ueiuut
1103 4193 1224 4255 siloae:
1252 4198 1355 4259 omnia
1371 4210 1416 4257 om

193 4304 289 4376 aetio,
319 4317 390 4379 pro:
424 4298 521 4361 seiuut
548 4297 643 4360 silvae
669 4316 726 4360 vos
755 4316 824 4361 osse
852 4298 963 4373 umoia3
999 4300 1030 4359 et
1065 4297 1139 4377 quod
1169 4303 1291 4376 repente
1322 4296 1416 4379 paelht

194 4403 337 4483 appellat,
366 4421 442 4474 666,
471 4420 553 4482 quum
575 4407 668 4464 tamen
697 4419 754 4464 uon
775 4401 973 4480 praecesserit
995 4400 1104 4463 diserta
1130 4399 1290 4479 puellarum
1317 4400 1415 4463 mentio

194 4506 269 4569 illibi
291 4524 348 4588 nou
371 4506 452 4571 ninuis
473 4506 600 4571 durum·
626 4503 836 4587 Apostropbeu
854 4508 956 4573 noster
972 4502 1159 4569 vehementer
1178 4509 1272 4584 auat,
1296 4512 1328 4571 et
1345 4500 1414 4587 puel
