2948 4986
125 194 203 267 176
432 190 444 217 ”
466 194 470 205 “
549 188 947 281 Ammnuvueslobus
1073 222 1077 230 ·

124 363 197 425 Pon
217 363 353 444 fistulam
380 384 398 425 e
425 365 567 447 Nympha
588 363 741 445 Syrinqe)
770 366 820 424 aut
840 368 962 447 poesim
993 363 1127 443 inspersa
1152 364 1205 426 uel
1232 368 1364 446 sparsim

123 466 278 528 collocata
299 467 401 527 mundo
423 469 453 529 o.
475 489 501 528 e.
525 467 608 528 coeto
632 465 730 542 videt,
760 483 834 546 quac
857 469 955 528 dicere
977 467 1093 542 longum
1117 470 1180 544 est,
1209 489 1237 530 e·
1259 488 1291 547 9.
1313 489 1363 530 ur-

123 590 192 631 sam
212 576 244 632 in
266 572 364 646 coelo,
388 572 549 633 Ariadnae
570 589 721 631 coronam.
765 569 880 631 Rursus
903 571 1095 632 recentissimi
1126 571 1162 631 ad
1185 573 1363 633 coniecturas

123 675 323 749 confugerunt.
368 673 524 751 Silligius:
555 674 599 734 Et
622 694 707 757 quem
726 693 838 756 pompa
862 676 963 748 deam,
989 675 1046 734 nisi
1070 676 1165 736 silvis
1188 676 1294 755 samo,
1318 675 1363 736 lo-

122 786 194 837 cuto
217 787 275 839 eet.
311 776 425 853 Omnis,
448 797 505 839 cos
529 779 629 854 scitis,
653 798 753 839 secam
775 797 836 839 cua
858 779 975 858 qoudin
990 786 1113 857 pectet,
1138 782 1202 840 Aut
1219 781 1363 861 inspersa

122 885 178 941 etc.
203 881 331 960 idemque
355 899 468 941 versum
492 882 539 961 qui
562 880 654 957 vulgo
677 886 723 942 est
748 885 819 941 lul.
843 883 883 942 ita
904 883 1056 959 scriptum,
1078 881 1171 943 Luna
1191 889 1249 943 trra
1272 885 1297 943 it
1317 890 1362 943 te-

121 999 207 1060 cnm3
231 1003 285 1044 cnr
306 1005 335 1044 n.
358 1005 384 1046 e.
407 1006 432 1046 e.
454 1005 492 1045 m.
514 1004 640 1061 mecum,
664 984 719 1045 buc
737 985 977 1056 transterendum,
1001 989 1086 1062 atque
1099 984 1281 1045 inserendum
1298 1003 1362 1046 esse

120 1090 189 1166 post
210 1088 301 1158 bunc,
325 1089 369 1149 Et
392 1108 529 1171 quem-p.
554 1088 585 1149 d.
609 1089 733 1149 coniicit.
773 1087 946 1149 Putscbius:
971 1086 1150 1174 Oelequur't
1171 1106 1303 1149 amorem
1324 1089 1362 1150 lit

121 1210 204 1275 quem
227 1190 351 1269 nympha
379 1193 482 1266 deum,
518 1192 573 1250 nisi
599 1189 691 1266 ludis,
717 1193 822 1272 foma,
855 1195 955 1250 secuta
983 1200 1041 1251 est.
1088 1188 1198 1252 Omnia
1220 1190 1360 1252 coelestes

120 1314 219 1356 secam
242 1315 301 1355 ouo
323 1295 440 1375 pendia
462 1297 597 1371 gestant,
631 1295 696 1355 Ant
724 1296 869 1375 insperso
896 1293 997 1368 vident
1024 1294 1149 1370 mundo,
1183 1314 1212 1377 q.
1239 1295 1269 1355 d.
1292 1294 1313 1356 l.
1335 1315 1359 1356 e.

120 1399 205 1459 deum
227 1397 365 1474 inteiligit
387 1398 482 1466 Pana,
506 1399 663 1479 nympham
686 1397 834 1475 Syringa,
858 1416 925 1460 cum¹
943 1395 1153 1456 Wernsdorfio.
1194 1395 1358 1479 Quaeritur,

119 1519 175 1582 quo
198 1503 269 1561 iure.
312 1500 476 1583 Nymphae
498 1503 571 1561 euim
593 1480 708 1579 praeter
730 1501 862 1580 Syringa
884 1503 965 1561 luere
987 1499 1103 1574 multae,
1127 1503 1157 1561 et
1180 1501 1267 1562 deum
1280 1501 1358 1562 Pana

119 1622 186 1665 esse
208 1606 273 1684 quis
296 1603 457 1680 intelligat,
480 1606 534 1682 uisi
557 1606 717 1664 accuratius
740 1606 940 1667 describatur?
964 1605 1043 1665 Sace
1059 1604 1142 1665 etiam
1160 1605 1236 1665 inira
1253 1606 1357 1665 obscu-

119 1708 178 1767 rius
201 1706 325 1786 loquitur
347 1708 383 1767 de
405 1708 578 1784 amantibus,
606 1706 668 1768 licl.
692 1713 742 1769 50.
768 1713 798 1768 et
820 1713 871 1767 66.
902 1709 953 1768 sed
978 1709 1149 1784 tamenim,
1180 1712 1210 1769 ut
1239 1709 1356 1768 divinari

118 1811 232 1889 possit,
262 1811 309 1890 qui
331 1811 390 1872 siut
418 1819 545 1872 amantes
574 1810 766 1887 intelligendi.
811 1809 924 1870 Deinde
949 1809 1141 1871 uehementer
1169 1809 1293 1888 languet
1311 1811 1356 1875 -0-

117 1919 197 1981 mnia
221 1914 249 1973 ic
273 1914 470 1974 emendatione
493 1912 637 1986 Pursebrt,
663 1934 745 1995 quum
767 1912 866 1992 potius
889 1919 1076 1992 exspectetur
1097 1933 1209 1977 omnes.

182 2016 256 2078 Mihi
280 2037 318 2077 ex
340 2017 386 2079 his
409 2018 540 2078 omnibus
563 2016 632 2077 nibil
656 2035 689 2076 se
716 2017 890 2095 approbavit
919 2022 1032 2096 praeter
1060 2016 1128 2079 illud
1157 2017 1297 2080 eGloss.
1320 2017 1355 2079 V.

119 2119 145 2181 Ι.
169 2129 198 2182 et
222 2121 419 2182 Wcrcsdorfio
443 2123 566 2198 egregie
589 2121 789 2192 observatum
819 2138 976 2182 sermonem
1006 2122 1139 2182 essode
1160 2121 1267 2200 puellis
1288 2123 1355 2183 deo-

118 2243 193 2303 rum,
217 2229 266 2287 aut
290 2227 316 2286 lu
339 2226 461 2286 urhunes
483 2225 637 2304 plantasve
660 2225 825 2298 conversis,
848 2229 898 2285 aut
919 2226 997 2285 inter>
1015 2227 1112 2286 sidera
1128 2227 1246 2298 ,relatis
1279 2225 1355 2308 Quae

117 2329 236 2389 arbores
258 2329 429 2410 plantaeque
448 2330 511 2388 dum
529 2330 644 2389 additae
663 2345 777 2406 semper
792 2329 887 2403 siguis
906 2329 1135 2410 imaginibusque
1152 2329 1267 2390 deorum
1288 2349 1353 2390 cou-

116 2435 290 2511 opimantur,
322 2437 351 2494 et
374 2452 447 2514 quae
469 2424 565 2494 sidera
587 2433 649 2494 dum
672 2449 788 2510 semper
816 2431 931 2507 l'ulgect
957 2433 1099 2508 insignita
1125 2433 1282 2512 puellarum
1304 2453 1353 2494 no-

115 2536 252 2613 minibus,
274 2543 414 2616 perpetuo
437 2554 472 2597 ac
494 2555 631 2617 uunquam
654 2533 776 2595 delendo
801 2534 968 2595 documento
990 2536 1094 2595 docent
1111 2539 1257 2597 curavisse
1277 2538 1353 2598 deos.

114 2640 301 2701 Mutationem
323 2642 379 2701 ieci
404 2659 501 2718 unam,
532 2637 701 2712 lenem‚‘ut
723 2636 794 2697 milui
812 2638 944 2711 videtur,
975 2659 1065 2715 nom,
1098 2657 1155 2722 pro·
1180 2658 1236 2720 quo
1266 2640 1353 2716 vulgo

114 2764 189 2819 non,
215 2749 245 2805 et
267 2744 331 2803 aliis
354 2746 382 2803 ic
405 2742 487 2804 libris
509 2748 595 2806 rrr'ci.¹
627 2744 763 2805 Nimirum
786 2761 855 2802 enm
886 2761 967 2822 quum
990 2762 1041 2821 per
1063 2744 1260 2821 compendium
1282 2745 1353 2804 scri-

114 2853 191 2927 ptum
214 2850 310 2923 esset3
332 2847 381 2908 alii
402 2848 431 2907 iu
453 2867 511 2908 non
532 2850 730 2921 mutaverunt,
762 2845 826 2922 alii,
854 2847 1102 2925 mule'duplicatis
1124 2848 1261 2909 vocabuli
1283 2847 1352 2930 quod

114 2953 242 3031 sequitur
263 2951 368 3010 litteris
391 2951 551 3028 prioribus,
580 2952 608 3009 iu
631 2953 704 3012 nisi.
752 2950 874 3010 Sensum
900 2949 958 3010 loci
985 2951 1039 3010 iam
1061 2950 1186 3010 indicavi
1209 2971 1300 3030 supra
1320 2950 1351 3011 ad

114 3074 145 3113 v.
171 3058 221 3115 43.
244 3054 297 3114 sod
321 3071 375 3112 non
398 3055 482 3131 piget
504 3053 603 3114 iterum
627 3053 793 3114 describere
821 3059 1062 3133 atquoscnarrare
1085 3052 1192 3128 locum,
1223 3059 1255 3117 ut
1278 3060 1350 3118 totus

113 3157 241 3235 patefiat.
285 3154 384 3236 ltaque
407 3158 450 3217 sic
474 3156 563 3218 Cato.
596 3154 730 3232 Phoebe,
762 3176 868 3218 recens
891 3159 924 3216 in
945 3167 975 3218 te
996 3158 1104 3219 laurus
1127 3157 1298 3220 celebravit
1318 3179 1350 3220 a·

113 3279 236 3339 morem3
258 3268 288 3321 ei
311 3279 390 3343 quoe
408 3279 519 3342 pompa
542 3261 643 3336 deum,
673 3260 702 3320 h.
726 3279 753 3321 e.
782 3261 828 3341 qui
852 3260 966 3320 deorum
995 3263 1109 3338 praeter
1127 3258 1277 3322 Phoebum
1299 3280 1347 3332 uu-⁸

113 3382 219 3432 merus,
245 3382 343 3426 cecum
366 3384 426 3425 ouo
448 3365 585 3444 perndie,
617 3364 703 3439 lolia,
737 3363 824 3424 dores
847 3382 885 3423 ex
908 3362 1012 3441 puellis
1034 3365 1127 3439 facta,
1157 3373 1281 3444 pectet,
1304 3365 1347 3425 rut

112 3472 258 3548 insperso
279 3468 381 3543 videt,
410 3472 546 3549 tamquam
574 3467 688 3544 sidera,
715 3468 813 3529 caelo.
859 3467 1054 3545 Suppleudum
1082 3470 1128 3528 est
1159 3485 1198 3527 cx
1228 3486 1344 3548 praece-

54 3616 58 3625 .
112 3573 265 3632 dentibus:
300 3590 334 3633 ea
356 3589 459 3650 pompa
482 3572 536 3632 boc
557 3572 639 3632 modo
663 3570 838 3647 celebravit,
861 3571 1016 3632 testificata
1037 3573 1098 3647 est,
1121 3588 1156 3631 sc
1178 3573 1343 3633 testificatur

111 3693 222 3735 abrores
251 3693 330 3736 suos.
385 3675 417 3735 lu
446 3675 538 3736 medio
565 3675 754 3754 parenthesin
783 3674 900 3748 inserit,
934 3691 990 3753 qua
1018 3673 1181 3749 significat,
1216 3675 1341 3748 deserta,

111 3777 299 3855 solitudines,
323 3777 414 3839 silvas
437 3777 549 3840 vidisse
573 3778 638 3839 illos
662 3777 858 3839 clandestinos
880 3776 994 3836 deorum
1016 3793 1144 3851 umores,
1175 3777 1341 3856 puellarum·

111 3881 215 3962 quein
239 3899 315 3940 nova
338 3901 460 3961 corpora
482 3884 667 3960 mutationes,
696 3878 752 3942 lroc
775 3880 878 3940 modo:
903 3880 996 3942 silvis
1018 3881 1105 3958 samo
1128 3880 1258 3964 loquuta
1280 3889 1339 3944 eet:

109 3987 207 4046 omnio
239 4004 297 4047 uos
325 3990 414 4048 estis.
449 3986 469 4045 i.
493 4003 520 4045 e.
549 3986 642 4046 sciunt
670 3983 784 4044 siluae:
816 3987 938 4044 mutatae
969 3983 1042 4042 estis
1059 4001 1132 4054 vos,
1165 3984 1295 4063 puellae,
1315 3985 1339 4044 ic

109 4090 211 4148 omnia.
255 4088 313 4149 lam
337 4089 410 4150 boec
432 4092 499 4149 runt
522 4087 692 4166 explicanda
714 4106 766 4167 per
789 4106 823 4148 se
846 4085 974 4162 singula.

172 4193 220 4253 Ac
242 4194 330 4270 primo
353 4192 427 4273 quod
454 4192 515 4251 dixi
544 4190 650 4273 aliquid
681 4192 716 4252 ad
746 4192 839 4253 verba
871 4192 914 4252 Et
929 4210 1019 4277 ¹quoe
1044 4209 1153 4272 pompa
1167 4223 1208 4234 -—
1223 4199 1339 4273 postet,

108 4295 278 4371 autumet,
301 4293 488 4373 supplendum
510 4313 594 4368 esse,
617 4295 661 4355 sie
682 4312 740 4355 non
763 4294 853 4355 solum
868 4295 942 4356 Cato
964 4293 1088 4373 loquitur
1109 4295 1228 4372 iterum,
1252 4317 1284 4356 v.
1293 4299 1339 4356 66.

107 4401 151 4462 Et
174 4404 290 4483 quicum
318 4406 422 4459 tenera
452 4401 567 4477 pociora
586 4406 635 4460 eor
656 4399 761 4461 ludere
787 4403 820 4460 in
841 4399 935 4461 berlo
958 4401 1014 4458 eto.
1042 4398 1091 4457 ubi
1114 4397 1276 4477 supplenda
1297 4405 1341 4461 cst

108 4523 149 4565 ex
171 4520 260 4563 versu
282 4504 333 4562 66.
370 4501 443 4562 hooc
464 4501 564 4562 notio:
595 4502 622 4563 is
642 4501 747 4565 libavit
773 4502 898 4581 gaudia3
931 4500 985 4564 sed
1014 4499 1168 4583 loquuntur
1195 4521 1231 4565 eo
1259 4503 1341 4566 modo
