2948 4986
378 186 421 249 IN
443 186 612 250 venenu
635 185 817 253 CATONIS
838 189 977 254 olens,
1246 199 1298 267 58

15 384 18 405 ι
70 361 89 420 et
107 366 192 422 terra
215 358 336 436 legeint
353 360 527 440 Pomponius
543 362 680 423 Sabinus.
703 373 783 425 tetro
798 362 912 424 'l'iuom
929 364 1024 425 Paris.
1036 362 1090 425 lV.
1110 364 1202 441 Angl.
1216 361 1297 442 Aug.

67 464 132 524 llon.
153 462 179 524 l.
205 463 275 523 lius.
303 462 378 525 illut.
407 464 624 539 Ascensienne,
652 463 779 542 Argunt.
806 470 897 528 15⁰2.
926 466 1013 544 Virg.
1038 465 1127 545 Atti,
1156 454 1297 542 Aldinae,

66 565 191 648 reliquae.
221 570 252 628 et
280 568 324 629 sic
352 572 509 628 correctum
531 586 548 628 n
570 566 618 629 til.
641 566 680 629 V.
704 568 728 629 l.
772 579 875 632 cotem
902 590 1018 632 oroma
1039 570 1122 633 Mon.
1145 571 1183 632 ll.
1218 581 1299 633 tetro

64 691 129 732 oeno
152 671 249 731 Paris.
272 670 326 732 lV.
841 692 843 697 ¹

10 800 11 823 ι
116 771 279 836 Boxlroruii
302 773 512 835 coniecturum:
537 775 605 837 Nec
633 775 758 838 Venerio
781 781 869 838 vario
891 777 924 856 ll.
947 797 976 839 e.
1000 778 1123 854 decore,
1140 778 1298 859 Purpureo

10 879 12 915 ³
63 897 82 938 e.
102 897 156 939 ore
181 880 294 959 pinynt
322 897 422 939 onena
444 897 471 938 c.
502 877 648 938 Aruoldns
678 877 777 938 edidit.
822 877 904 961 Quod
933 883 1025 941 ontern
1048 879 1197 942 Arnoldus
1224 881 1300 942 inter

10 1006 12 1021 =
62 979 155 1041 larius
181 981 262 1041 beet.
286 984 435 1053 recenset,
465 983 569 1056 varie,
600 980 669 1042 nilil
691 984 739 1044 est
761 982 821 1051 nisi
843 986 965 1069 erratum
989 983 1125 1044 editionis
1147 983 1296 1045 Boxlrorn.

10 1108 11 1117 ι
62 1083 166 1146 lleiosii
190 1102 272 1159 unum
294 1083 531 1160 emendationem,
561 1103 641 1168 quoe
660 1088 790 1168 pineum
811 1105 924 1161 orma,
947 1089 1117 1164 recepimus.
1161 1085 1206 1148 lta
1228 1105 1297 1148 cor-

60 1189 170 1249 rexisse
196 1187 362 1258 Honestum,
393 1186 477 1248 testis
506 1191 554 1248 est
583 1189 760 1250 Burmannus
789 1194 909 1268 patruus
936 1188 971 1249 od
994 1188 1139 1252 Volerlum
1167 1188 1298 1251 Flaccum

59 1312 81 1371 u.
103 1295 180 1353 548.
225 1294 325 1371 Atque
347 1292 391 1350 lta·
408 1289 603 1368 Etclstodius.
648 1291 721 1353 nira-
743 1293 883 1354 Hetnsius
910 1292 984 1371 opud
1012 1290 1087 1353 lunc
1112 1292 1298 1353 Burnronnnrn

59 1396 86 1456 ud
108 1392 267 1458 Catonem:
292 1394 381 1455 Haec
404 1391 467 1469 (vel
492 1396 577 1456 etiem
595 1395 688 1472 Hinc)
720 1395 843 1458 Venerio
867 1415 899 1458 o.
918 1395 951 1475 ti.
974 1415 1002 1456 e.
1027 1396 1134 1456 meere
1157 1393 1218 1468 (uel
1241 1396 1297 1457 de-

59 1500 154 1576 corae)
183 1498 342 1580 Purpureo
363 1485 547 1579 compesce
565 1496 628 1572 (vel
644 1501 714 1574 neu)
727 1505 856 1580 pinqnot
874 1519 970 1560 verna
986 1499 1097 1560 colore.
1133 1497 1193 1560 Sed
1212 1499 1296 1560 etiem

59 1603 93 1664 sie
115 1593 281 1664 coniecerat
302 1601 455 1682 aliquando
478 1600 635 1662 Heinsius:
671 1603 740 1665 Nec
768 1602 893 1664 Veneris
916 1621 946 1664 o.
969 1601 1002 1683 tl.
1025 1623 1054 1664 e.
1083 1602 1191 1664 decore
1213 1603 1296 1664 Pur-

58 1726 142 1789 pureo
165 1727 194 1768 c.
215 1708 423 1788 praepinyont
445 1706 541 1768 omna
563 1725 591 1766 c.
617 1702 664 1767 (li.
688 1707 714 1765 si
735 1704 847 1785 placet,
871 1707 966 1766 Burro.
989 1707 1017 1766 lu
1041 1704 1134 1767 Antio.
1156 1705 1190 1766 ln
1212 1705 1250 1766 Τ.
1273 1706 1297 1766 l.

59 1822 81 1888 p.
104 1813 177 1872 lito.
203 1808 233 1870 n.
268 1805 421 1871 Caeterum
445 1808 492 1868 lis
515 1809 589 1869 uiris
609 1809 703 1870 doctis
725 1809 856 1869 cornibus
879 1811 1073 1870 necessarium
1096 1809 1226 1871 Mittunt
1252 1810 1297 1869 ri-

61 1933 111 1974 sum
133 1919 193 1974 est.
239 1913 390 1974 Burmanni
412 1912 505 1991 patrui
530 1913 557 1972 in
581 1909 648 1972 Vol.
671 1911 713 1974 l'l.
736 1931 818 1972 uuam
840 1912 1031 1973 coniecturam
1055 1930 1142 1991 supro
1164 1912 1297 1973 vidimus.

61 2014 110 2077 Sed
133 2016 208 2077 idern
231 2014 302 2075 told.
326 2015 391 2095 qula
413 2016 441 2075 ln
458 2014 527 2076 lilS.
548 2016 618 2077 linc
639 2033 692 2094 pro
713 2017 809 2095 loeo,
832 2017 877 2076 sic
898 2033 987 2094 posse
1004 2016 1092 2076 scribi
1107 2015 1192 2076 dicit:
1218 2016 1298 2077 Hinc

65 2119 183 2183 Venerio
205 2141 236 2182 o.
258 2118 292 2200 tl·
312 2139 343 2181 o.
366 2118 475 2180 decore
498 2119 535 2179 P.
558 2139 586 2180 c.
610 2139 646 2181 ne
665 2123 796 2200 pioqoot
817 2139 913 2182 veroa
936 2139 962 2180 c.
983 2149 993 2157 .,
1007 2119 1097 2201 Quem
1118 2117 1188 2180 MS.
1211 2119 1296 2191 uicit,

62 2220 126 2284 lond
148 2223 236 2284 dnbio
258 2224 284 2283 is
307 2225 371 2299 est,
394 2223 440 2302 qul
462 2221 549 2283 nobis
572 2222 737 2283 Vossianus
759 2221 783 2282 1.
828 2222 983 2283 Petschlus
1006 2224 1107 2301 purtim
1128 2240 1189 2283 cnm
1208 2221 1297 2283 llici-

10 2404 13 2411 .
64 2328 162 2402 studio,
186 2327 288 2406 purtim
311 2344 372 2387 cum
395 2325 530 2403 Silligio:
572 2327 654 2388 Hinc
681 2325 806 2389 Venerio
829 2346 859 2388 o.
882 2325 915 2406 ll.
939 2346 966 2388 e.
990 2327 1113 2402 decore,
1136 2325 1295 2408 Purpureo

65 2449 85 2490 c.
105 2451 185 2515 qnae
204 2434 333 2512 pinqnnt
354 2449 450 2492 verna
473 2431 590 2507 colore,
619 2429 701 2492 Hinc
729 2451 826 2494 norae
847 2430 973 2505 dehere,
1002 2429 1071 2491 dinc
1093 2449 1121 2490 s.
1145 2429 1296 2511 spirituo!

65 2535 132 2613 deri
155 2535 287 2596 Mittunt
308 2536 365 2594 etc.
412 2537 443 2594 ut
464 2532 499 2593 od
522 2534 592 2596 ltine
613 2531 783 2612 suppleatur
807 2531 926 2595 adeant.
972 2531 1012 2594 V.
1036 2539 1087 2593 23.
1109 2531 1241 2610 Tollius,
1265 2537 1295 2600 ut

64 2642 147 2700 uomet
169 2636 363 2714 Burmannus,
383 2638 553 2719 pestiferos
575 2637 693 2700 dolitum
715 2634 782 2697 olim
805 2635 908 2697 lectum
930 2637 1020 2697 luisse
1042 2633 1173 2696 inlibris
1194 2637 1291 2697 incor-
1392 2685 1394 2687 .

62 2741 141 2820 notis
161 2739 297 2820 ponuat.

10 2972 12 2977 ·
112 2948 151 3012 Υ.
175 2950 228 3007 24.
267 2960 400 3014 nuncin
418 2960 495 3015 NON
513 2959 655 3026 ocutis,
668 2951 749 3014 ¹Nth
767 2959 923 3014 Allllllllls
942 2959 1039 3012 iinon
1056 2957 1256 3013 l'llllAN'l'llll.

60 3047 167 3112 ltulcem
195 3069 255 3112 rom
283 3049 375 3112 oculis
404 3050 491 3112 dores
520 3069 603 3126 esse,
631 3054 726 3130 potrt3
760 3050 898 3130 quornodo
928 3048 1055 3111 curtino
1086 3048 1186 3110 dulces
1215 3051 1291 3126 sint,

59 3168 104 3215 non
126 3157 203 3216 item
249 3153 332 3215 Unde
353 3154 481 3217 naridoe
504 3157 689 3216 coniecerunt
711 3153 848 3213 Heinsius
871 3158 900 3214 et
917 3151 1045 3230 Tollius,
1075 3171 1127 3231 pro
1150 3151 1288 3215 anrilue.

59 3254 183 3318 ltsam
211 3259 346 3338 potuerat
373 3258 457 3318 ctiam
485 3259 590 3321 nerium
619 3257 742 3319 cilicium
771 3273 986 3319 commemorare
1014 3253 1099 3318 (loto.
1144 3254 1204 3317 Sed
1232 3275 1290 3317 non

59 3360 128 3421 iecit.
172 3359 295 3423 Scilicet
320 3360 426 3442 (lorum
452 3363 594 3423 mentione
622 3361 713 3432 tacto,
745 3377 832 3420 versu
862 3365 912 3420 22.
941 3358 977 3419 od
1004 3378 1102 3420 aurae
1131 3357 1289 3436 delabitur,

59 3480 121 3543 quae
141 3469 218 3526 motu
242 3482 295 3526 suo
318 3465 519 3527 circumierunt
540 3465 656 3525 odorem
678 3463 784 3525 dorum.
830 3464 872 3524 llo
894 3465 985 3524 nutem
1008 3480 1056 3522 ros
1078 3459 1188 3522 dulcem
1210 3464 1288 3522 auri-

10 3642 12 3649 Ι
58 3563 103 3627 lus
123 3569 295 3645 gravidetur
317 3570 407 3630 odore
428 3587 514 3630 corne
537 3586 681 3628 susurrum
700 3568 727 3627 iu
744 3570 864 3627 mentem
880 3568 977 3626 vocnt.
1011 3565 1161 3644 Proprium
1184 3564 1238 3626 lroc
1259 3567 1288 3626 in

10 3682 12 3733 l
59 3684 82 3729 te
103 3670 272 3733 vocabulum
294 3693 443 3736 susurros
466 3677 526 3734 est.
560 3666 954 3755 utinGnliceu.153.l.
990 3669 1078 3760 Quae
1099 3669 1206 3731 leniter
1227 3669 1306 3755 odf-

10 3758 13 3789 ¹
59 3773 127 3849 inse
150 3779 241 3838 Aura
262 3781 459 3840 occurrentis
478 3780 581 3858 poscit
603 3775 790 3855 confundere
809 3777 901 3836 ocuti.
939 3773 987 3834 uli
1010 3773 1098 3864 Quae
1120 3771 1159 3832 nd
1178 3771 1287 3852 lucum,

61 3884 81 3940 et
99 3885 198 3959 portes
220 3878 294 3957 luci,
316 3898 388 3961 quas
408 3878 497 3956 longo
513 3879 708 3958 descriptione
726 3879 902 3940 enumeravit
916 3881 1019 3957 poeto,
1042 3874 1173 3958 singulos
1189 3893 1287 3937 omncs

60 3985 151 4046 reierc.
193 3982 341 4045 Absoluta
357 3983 550 4062 descriptione
573 3982 665 4054 addit,
690 3998 784 4042 aurern
801 3981 905 4043 leniter
919 3976 1094 4061 'pertundere
1108 3981 1165 4041 isto
1183 3980 1286 4042 omnio.

61 4103 142 4166 onor,
166 4086 217 4149 rel
241 4108 316 4171 qne,
339 4087 514 4165 Petamne.
538 4084 579 4147 ls.
602 4087 693 4150 Voss.
716 4084 847 4161 August.
870 4084 960 4148 Voss.
985 4090 1036 4146 81.
1062 4085 1132 4146 Bos.
1156 4081 1287 4146 Venetae

60 4188 154 4254 tclrot.
177 4195 209 4253 et
231 4190 309 4252 ltulu.
331 4191 406 4252 lilnt.
431 4189 495 4250 Vic.
512 4188 602 4250 Voss.
619 4188 657 4250 ll.
682 4207 736 4248 non
760 4208 847 4273 quoe.
868 4192 1100 4271 poenitentem,
1125 4182 1225 4266 ιῖξιοῖ,
1248 4205 1287 4247 ex

59 4288 158 4357 liuto.
182 4298 214 4356 et
234 4294 339 4356 Petcv.
363 4311 410 4373 op.
432 4292 473 4355 ls.
497 4292 589 4354 Voss.
611 4295 642 4355 et
662 4290 794 4368 August.
817 4293 908 4356 Voss.
931 4297 982 4354 81.
1013 4291 1052 4354 Ut
1072 4295 1191 4375 nppmit
1212 4309 1286 4353 con-

59 4398 162 4479 tiscere
183 4395 249 4462 cot.
274 4399 344 4460 131.
368 4405 468 4462 cetat
488 4416 672 4477 consumere
696 4393 761 4459 (lul.
784 4400 858 4458 349.

110 4503 225 4567 numo
249 4500 324 4564 Ven-
346 4499 455 4565 Aclrot
488 4506 520 4565 et
539 4499 569 4563 ln
591 4503 721 4564 extremo
744 4517 832 4563 vorsu
853 4499 949 4563 meum
966 4500 1031 4582 quid
1048 4498 1166 4586 turbent
1180 4498 1285 4560 Peter.
