2948 4986
450 206 654 275 uucnnsw
669 208 902 275 tintinnum.
1236 216 1314 288 867

65 379 186 460 Virgilii
207 380 356 445 uoluntate
377 382 492 446 Versus
511 381 911 463 Sulpiciicartlmginieusis.
941 383 1096 460 (Iusserat
1116 382 1180 446 nac
1201 387 1312 464 rapidis

65 518 108 531 -
131 486 224 548 Troia
246 490 371 548 cremata
393 489 499 565 rugo.)
558 493 608 549 211.
640 487 820 549 Exclamatio
850 485 1130 566 (laesarlsAngnsti
1154 491 1313 550 iniussum

64 589 185 667 Virgilii
200 608 262 670 pro
292 589 426 651 Aeneide
456 589 657 652 comburenda.
692 588 996 670 (Erg'one'sopremis
1018 590 1113 671 potnit
1129 621 1176 637 ·-
1198 592 1313 672 placeat

64 684 377 772 relegator'ametnr.)
423 694 494 755 Post
521 693 578 756 hoc
601 712 712 755 carmon
740 693 842 773 incipit
863 712 961 757 manus
983 694 1085 757 altera.
1130 698 1182 756 2i.
1206 696 1311 777 Epita-

62 797 135 876 plria
156 796 285 873 Virgilio
308 796 345 857 alr
368 796 530 859 illustribus
552 799 626 858 viris
648 798 735 859 edita.
759 797 878 872 (versura
894 799 1032 878 triginta,
1050 800 1311 880 quorumprimns:

63 898 207 963 Conditus
229 899 276 960 hic
298 919 356 982 ego
379 920 454 970 suun,
480 903 560 962 cuins
583 902 668 962 niodo
691 903 798 962 rustica
820 901 924 978 Musa3
946 937 950 944 κ
969 901 1101 962 ultimus:
1127 900 1312 982 Parthenope

63 1004 158 1065 cecini
182 1022 308 1083 pascua,
331 1023 414 1080 rora,
437 1005 536 1066 doces.
581 1005 676 1082 Igitur
698 1004 880 1084 Epitaphium
904 1006 1041 1071 Muniam
1062 1026 1111 1067 me
1128 988 1232 1086 penult
1253 1011 1310 1068 etc.

61 1107 113 1166 bis
135 1105 245 1183 iegitur
267 1109 295 1168 in
317 1107 374 1168 lunc
395 1108 506 1170 codice.
552 1107 656 1169 adnuit
677 1109 749 1168 enim
771 1109 825 1171 iam
840 1128 928 1189 snpra
947 1117 1016 1172 u.3.
1031 1111 1060 1171 ln
1078 1110 1146 1172 Vita
1159 1108 1310 1188 Virgilii.)

62 1214 118 1271 28.
142 1209 288 1271 Musarum
311 1213 421 1273 nomina
444 1217 470 1273 dr
497 1211 595 1273 niiicla
624 1209 749 1287 (versus
776 1215 954 1296 quindecim,
983 1214 1035 1276 scd
1066 1233 1183 1296 qnorum
1205 1217 1312 1276 tautum

61 1314 195 1376 undecim
221 1317 334 1394 priores
363 1335 469 1377 versus
499 1319 566 1375 snut
594 1317 731 1396 propris,'
772 1323 893 1399 quatuor
934 1320 1072 1398 postremi
1105 1321 1311 1398 prosumni,

61 1435 186 1496 prorsus
212 1421 244 1479 ut
272 1419 300 1479 in
328 1420 443 1481 Veneta
472 1417 601 1497 Rubel.)
667 1423 719 1482 29.
751 1421 859 1482 Incerti
889 1423 999 1483 autoris
1038 1421 1153 1498 Elegia.
1191 1419 1310 1496 (Deile-

61 1540 124 1582 ram
153 1522 264 1583 iuuenis
293 1523 368 1583 tristi
392 1554 432 1565 -·
457 1521 581 1583 collocet
611 1522 677 1601 ipsa
705 1526 828 1603 sinn.)¹
863 1528 915 1586 30.
949 1524 984 1586 P.
1021 1524 1143 1602 Virgilii
1180 1525 1312 1586 illarunis

61 1623 268 1707 Aethonque
297 1626 333 1686 ab
356 1625 499 1707 aliquibus
528 1624 665 1688 Cornelio
693 1627 837 1689 tribuitur.
869 1627 1005 1702 (Aetlrna
1026 1629 1093 1690 milri
1117 1629 1251 1710 ruptique
1270 1661 1310 1673 -

61 1729 164 1790 domus
194 1733 220 1790 dr
251 1729 314 1790 iura
348 1731 488 1808 piorum.)
518 1745 522 1749 ·
548 1735 599 1790 ui.
632 1728 667 1791 P.
705 1730 825 1808 Virgilii
853 1731 948 1794 Maru.
977 1733 1055 1796 Ciris
1087 1733 1123 1795 arl
1160 1729 1310 1793 lliessale'.

62 1840 117 1895 32.
147 1833 182 1894 P.
211 1831 328 1910 Virgilii
357 1832 488 1894 Maronis
516 1832 696 1896 earniroton.
731 1834 854 1915 Priapus
882 1835 1007 1918 loquitur
1041 1835 1142 1911 (Vere
1164 1854 1233 1897 rosa
1255 1853 1311 1896 au-

61 1933 141 1998 tu'no
165 1968 205 1981 -
224 1935 317 1997 Datur
339 1936 391 1996 tibi
416 1934 511 2015 puella
533 1954 614 2017 quam
637 1935 714 2015 petis
742 1937 855 2016 dator.)
912 1929 1123 2018 comparentur
1150 1937 1226 2025 haec
1249 1955 1311 1999 uum

61 2039 260 2118 descriptione
289 2043 389 2101 nostra
422 2040 609 2102 Romanarum
638 2040 661 2101 Ι.
691 2046 722 2102 et
743 2040 781 2102 ll.
817 2040 932 2121 patebit
960 2041 1149 2118 simillimum,
1184 2058 1219 2102 ao
1251 2059 1311 2118 ge·

60 2144 165 2204 minum
186 2160 255 2204 csse
277 2143 405 2204 codicem
429 2133 624 2204 Basileensem
639 2144 787 2207 Romanae
808 2138 930 2206 maxime
951 2145 1114 2220 secundae,
1139 2143 1190 2205 vel
1211 2146 1311 2224 potius
1407 2174 1409 2179 2

62 2249 157 2308 natum
187 2263 227 2306 ex
256 2243 315 2306 illa.
370 2246 414 2307 nt
444 2247 498 2307 vix
524 2265 598 2325 opus
626 2248 846 2328 comparatione.
893 2245 1022 2310 Gonticit
1051 2266 1111 2309 rem
1131 2245 1188 2308 luno
1211 2264 1308 2316 unum,

63 2349 138 2432 quod
162 2351 259 2410 insunt
280 2349 309 2409 in
332 2349 396 2410 cod.
420 2349 583 2411 Basileensi
632 2350 783 2430 Epistulae
811 2351 927 2412 loannis
949 2351 1087 2439 Andreae
1110 2351 1249 2431 Episcopi
1273 2344 1310 2412 al

62 2453 181 2515 Paulum
198 2452 237 2514 ll.
259 2459 289 2516 ot
311 2455 505 2533 Pomponium.
551 2454 644 2516 Addo.
659 2456 777 2535 insuper
790 2454 877 2515 aliud.
923 2455 1013 2538 Quom
1032 2456 1148 2535 primum
1160 2455 1310 2533 inspexis-

63 2575 125 2619 sem
149 2557 328 2619 collationem
351 2557 460 2618 codicis
489 2556 684 2634 Basileenais,
715 2559 820 2619 mirans
855 2559 915 2619 vidi
944 2557 1061 2619 lacunas
1095 2575 1164 2619 esse
1190 2559 1219 2618 in
1249 2555 1310 2620 ciri

62 2660 230 2730 nonnullas,
246 2664 285 2736 pet
306 2659 404 2739 plures
426 2661 511 2721 etiam
534 2661 562 2721 in
585 2658 754 2724 (lutulentis.
800 2660 958 2742 lnqulsivi3
993 2661 1106 2720 easdem
1129 2661 1258 2736 cognovi
1280 2661 1309 2721 in

62 2763 194 2825 Romana
215 2762 253 2824 ll.
270 2778 357 2823 ‘essm
403 2761 512 2844 Quodsi
535 2764 600 2843 quis
631 2763 851 2842 descriptionem
881 2763 1069 2825 Romanarum
1099 2768 1223 2824 nostram
1252 2764 1310 2824 non

61 2884 185 2947 prorsus
207 2867 371 2928 consentire
394 2884 455 2926 oum
477 2864 532 2928 hac
561 2866 759 2945 descriptione
786 2866 898 2928 codicis
928 2866 1124 2938 Basileensis,
1155 2886 1185 2926 v.
1209 2885 1236 2928 c.
1260 2866 1309 2926 di-

60 2988 170 3032 versas
192 2988 261 3030 esse
283 2970 486 3048 inscriptiones
508 2969 654 3031 multorum
678 2971 850 3048 carminum,
874 2971 1121 3043 animaduerterit,
1145 2971 1171 3030 is
1196 2972 1309 3048 cogitet

61 3073 285 3152 descriptionem
307 3073 513 3145 Rounauarum,
537 3092 618 3154 quum
641 3072 782 3143 exhibeo,
813 3092 869 3137 non
900 3094 940 3135 ex
961 3075 1034 3154 ipsis
1058 3074 1140 3135 libris
1174 3075 1306 3143 ductam,

60 3176 175 3238 sodex
197 3177 328 3255 praefixa
350 3177 386 3237 lis
408 3175 492 3236 libris
514 3175 627 3237 'l'alnnla
649 3195 727 3238 esse.
773 3177 825 3240 Sic
853 3196 957 3239 versus
987 3196 1060 3259 quos
1090 3177 1307 3238 commemoraui

60 3298 139 3340 nom.
167 3283 222 3340 ro.
239 3284 289 3341 li.
312 3280 411 3340 eodem
433 3279 498 3340 loco
522 3278 583 3355 legi
607 3281 634 3338 ln
649 3277 793 3341 ‘Romanus
823 3281 960 3356 cuntiuio,
995 3300 1052 3363 qno
1074 3281 1102 3341 in
1126 3279 1190 3340 cod.
1214 3278 1305 3340 Basti.

59 3382 222 3459 leguntur,
248 3382 306 3443 sed
329 3370 452 3443 ourissos
475 3383 594 3442 esseio
616 3379 730 3442 Tabula
750 3391 870 3463 propter
893 3383 1074 3444 brevitatem.
1120 3381 1166 3443 lle
1188 3381 1307 3461 lllaplrei

59 3487 138 3549 libro
161 3488 261 3549 dubito
284 3494 375 3549 utrum
398 3490 466 3548 insit
488 3489 516 3547 iu
534 3485 685 3552 Romanis,
710 3503 746 3546 an
769 3504 824 3547 non
848 3488 925 3547 insit.
972 3486 1006 3549 st
1029 3486 1116 3562 insit,
1141 3485 1226 3547 iacile
1248 3503 1307 3546 ex-

58 3590 314 3672 plicabitur,·cur
336 3591 413 3653 uuila
435 3593 498 3652 eins
520 3590 626 3650 mentio
649 3589 697 3651 tint
719 3592 747 3650 in
768 3589 903 3650 Tabula:
935 3590 1062 3650 nimirum
1091 3589 1165 3670 quod
1189 3587 1309 3664 alienum

59 3698 128 3757 erat
149 3695 185 3756 ad
198 3693 349 3776 Virgilium
361 3695 588 3756 additamentum.
623 3692 669 3754 lle
682 3696 814 3769 Aetnae,
831 3692 962 3754 Eirnrum
968 3735 979 3769 ,
994 3692 1116 3769 Elegiae
1130 3694 1158 3752 in
1172 3692 1308 3754 Maeeeu.

59 3798 113 3860 ult.
136 3797 228 3859 titolis
249 3798 346 3879 paullo
369 3803 437 3879 post
459 3797 619 3859 monebitur
641 3798 669 3858 in
683 3797 810 3859 Romana
822 3795 860 3858 ll.
905 3795 1039 3865 Vul‘sic·
1053 3802 1146 3858 tamen
1170 3813 1226 3858 non
1250 3814 1309 3857 ex·

59 3902 151 3984 pedio
171 3903 280 3979 omnia,
311 3907 341 3964 et
369 3904 467 3984 quaeri
490 3919 580 3981 posse
602 3900 651 3962 hic
672 3900 732 3962 illic
755 3902 858 3976 video,
888 3917 925 3960 an
951 3904 1068 3980 praeter
1090 3901 1245 3963 Romanam
1267 3900 1308 3962 ll.

58 4005 114 4077 uel
137 4011 253 4085 praeter
275 4005 429 4067 Romanam
453 4009 616 4087 utramque,
639 4003 722 4065 alium
745 4006 849 4065 iontem
872 4001 979 4064 habeat
1001 4004 1094 4065 codex
1115 4004 1305 4069 Basileensis.

58 4108 328 4174 Animadvertimus
350 4111 378 4170 in
395 4107 507 4172 Catone
529 4108 682 4190 aliquoties
704 4107 855 4169 discedere
877 4106 1004 4168 codicem
1026 4106 1129 4169 Basa
1148 4107 1307 4169 Romanis:

59 4213 116 4277 sed
150 4211 225 4276 haec
253 4215 380 4276 fumasse
413 4213 504 4273 omnia
531 4212 784 4286 eiusmudlsunt,
813 4213 845 4271 ut
876 4208 1001 4288 librarii,
1032 4212 1079 4291 qui
1113 4209 1308 4271 Basileensem

59 4317 203 4398 scripsit,
228 4323 276 4380 ant
298 4317 500 4395 negligentiae
521 4320 570 4378 aut
602 4315 768 4377 emendandi
798 4313 894 4376 studio
927 4313 1013 4376 tntu
1041 4318 1156 4396 queant.
1199 4312 1308 4373 Verum

58 4421 130 4504 quid
154 4421 191 4481 de
213 4439 249 4482 eo
281 4421 423 4497 dicemus,
453 4419 527 4501 qnod
555 4437 660 4481 versus
683 4423 742 4496 22,
773 4417 896 4480 Aeneid.
914 4417 971 4480 iila.
1000 4417 1040 4478 ll.
1063 4418 1248 4496 ditiusque
1270 4415 1307 4476 ad

59 4531 142 4589 688.
165 4526 271 4590 adsunt
291 4525 322 4587 in
343 4529 463 4608 utrque
484 4523 634 4604 ἣοιιιιιι,
652 4523 758 4587 desunt
778 4524 807 4584 ia
830 4522 931 4586 codice
953 4511 1138 4584 Basileensil
1159 4518 1308 4584 coniicias
