<?xml version="1.0" encoding="UTF-8"?>
<!DOCTYPE html PUBLIC "-//W3C//DTD XHTML 1.0 Transitional//EN"
    "http://www.w3.org/TR/xhtml1/DTD/xhtml1-transitional.dtd">
<html xmlns="http://www.w3.org/1999/xhtml" xml:lang="en" lang="en">
 <head>
  <title>
</title>
<meta http-equiv="Content-Type" content="text/html;charset=utf-8" />
  <meta name='ocr-system' content='tesseract 3.04.00' />
  <meta name='ocr-capabilities' content='ocr_page ocr_carea ocr_par ocr_line ocrx_word'/>
</head>
<body>
  <div class='ocr_page' id='page_1' title='image "./carminavaleriic00catogoog_0176.png"; bbox 0 0 2946 4988; ppageno 0'>
   <div class='ocr_carea' id='block_1_1' title="bbox 401 172 1358 254">
    <p class='ocr_par' dir='ltr' id='par_1_1' title="bbox 401 172 1358 254">
     <span class='ocr_line' id='line_1_1' title="bbox 401 172 1358 254; baseline 0.008 -7"><span class='ocrx_word' id='word_1_1' title='bbox 401 184 444 247; x_wconf 77' lang='lat' dir='ltr'>nr</span> <span class='ocrx_word' id='word_1_2' title='bbox 467 182 634 246; x_wconf 81' lang='lat' dir='ltr'>vanarn</span> <span class='ocrx_word' id='word_1_3' title='bbox 657 180 838 246; x_wconf 77' lang='lat' dir='ltr'>canonis</span> <span class='ocrx_word' id='word_1_4' title='bbox 860 180 1067 246; x_wconf 81' lang='lat' dir='ltr'>ncnooan.</span> <span class='ocrx_word' id='word_1_5' title='bbox 1281 172 1358 254; x_wconf 79' lang='lat' dir='ltr'>aaa</span> 
     </span>
    </p>
   </div>
   <div class='ocr_carea' id='block_1_2' title="bbox 111 344 1359 547">
    <p class='ocr_par' dir='ltr' id='par_1_2' title="bbox 111 344 1359 547">
     <span class='ocr_line' id='line_1_2' title="bbox 173 344 1340 436; baseline -0.003 -12"><span class='ocrx_word' id='word_1_6' title='bbox 173 361 217 424; x_wconf 89' lang='lat' dir='ltr'>v.</span> <span class='ocrx_word' id='word_1_7' title='bbox 234 364 286 422; x_wconf 85' lang='lat' dir='ltr'>aa.</span> <span class='ocrx_word' id='word_1_8' title='bbox 305 363 357 420; x_wconf 81' lang='grc'>11.</span> <span class='ocrx_word' id='word_1_9' title='bbox 372 344 470 434; x_wconf 85' lang='lat' dir='ltr'>¹(rao.</span> <span class='ocrx_word' id='word_1_10' title='bbox 494 359 540 436; x_wconf 83' lang='lat' dir='ltr'>a.)</span> <span class='ocrx_word' id='word_1_11' title='bbox 575 369 658 424; x_wconf 88' lang='lat' dir='ltr'>srvn</span> <span class='ocrx_word' id='word_1_12' title='bbox 676 369 748 423; x_wconf 84' lang='lat' dir='ltr'>arar</span> <span class='ocrx_word' id='word_1_13' title='bbox 767 369 887 424; x_wconf 84' lang='lat' dir='ltr'>sanvrs</span> <span class='ocrx_word' id='word_1_14' title='bbox 904 368 1005 423; x_wconf 83' lang='lat' dir='ltr'>nova</span> <span class='ocrx_word' id='word_1_15' title='bbox 1026 368 1057 423; x_wconf 83' lang='lat' dir='ltr'>n.</span> <span class='ocrx_word' id='word_1_16' title='bbox 1076 366 1267 423; x_wconf 82' lang='lat' dir='ltr'>aasmnrnn</span> <span class='ocrx_word' id='word_1_17' title='bbox 1285 369 1340 421; x_wconf 70' lang='lat' dir='ltr'>eo.</span> 
     </span>
     <span class='ocr_line' id='line_1_3' title="bbox 111 456 1359 547; baseline -0.008 -19"><span class='ocrx_word' id='word_1_18' title='bbox 111 491 145 519; x_wconf 85' lang='lat'>··</span> <span class='ocrx_word' id='word_1_19' title='bbox 174 465 273 528; x_wconf 83' lang='lat' dir='ltr'>Nova</span> <span class='ocrx_word' id='word_1_20' title='bbox 292 462 413 547; x_wconf 84' lang='lat' dir='ltr'>palata</span> <span class='ocrx_word' id='word_1_21' title='bbox 432 456 604 544; x_wconf 80' lang='lat' dir='ltr'>fastidire]</span> <span class='ocrx_word' id='word_1_22' title='bbox 641 461 814 536; x_wconf 76' lang='lat' dir='ltr'>Taedaloa,</span> <span class='ocrx_word' id='word_1_23' title='bbox 847 463 876 521; x_wconf 91' lang='lat' dir='ltr'>et</span> <span class='ocrx_word' id='word_1_24' title='bbox 896 462 1087 542; x_wconf 77' lang='lat' dir='ltr'>fastidiosos</span> <span class='ocrx_word' id='word_1_25' title='bbox 1119 463 1237 520; x_wconf 85' lang='lat' dir='ltr'>veteres</span> <span class='ocrx_word' id='word_1_26' title='bbox 1265 470 1359 519; x_wconf 87' lang='lat' dir='ltr'>voca-</span> 
     </span>
    </p>
   </div>
   <div class='ocr_carea' id='block_1_3' title="bbox 87 563 1364 3446">
    <p class='ocr_par' dir='ltr' id='par_1_3' title="bbox 87 563 1364 3446">
     <span class='ocr_line' id='line_1_4' title="bbox 101 563 1358 649; baseline -0.005 -19"><span class='ocrx_word' id='word_1_27' title='bbox 101 569 198 643; x_wconf 82' lang='lat' dir='ltr'>bant,</span> <span class='ocrx_word' id='word_1_28' title='bbox 228 569 331 649; x_wconf 86' lang='lat' dir='ltr'>quibas</span> <span class='ocrx_word' id='word_1_29' title='bbox 354 567 477 647; x_wconf 88' lang='lat' dir='ltr'>palatum</span> <span class='ocrx_word' id='word_1_30' title='bbox 500 567 586 625; x_wconf 89' lang='lat' dir='ltr'>novis</span> <span class='ocrx_word' id='word_1_31' title='bbox 609 566 681 647; x_wconf 85' lang='lat' dir='ltr'>cibis</span> <span class='ocrx_word' id='word_1_32' title='bbox 704 564 885 624; x_wconf 80' lang='lat' dir='ltr'>reficiendam</span> <span class='ocrx_word' id='word_1_33' title='bbox 913 569 984 626; x_wconf 89' lang='lat' dir='ltr'>erat.</span> <span class='ocrx_word' id='word_1_34' title='bbox 1030 564 1101 625; x_wconf 88' lang='lat' dir='ltr'>Nam</span> <span class='ocrx_word' id='word_1_35' title='bbox 1123 563 1269 624; x_wconf 69' lang='lat' dir='ltr'>fastidiosi</span> <span class='ocrx_word' id='word_1_36' title='bbox 1293 567 1358 624; x_wconf 89' lang='lat' dir='ltr'>sto-</span> 
     </span>
     <span class='ocr_line' id='line_1_5' title="bbox 103 667 1358 744; baseline -0.005 -11"><span class='ocrx_word' id='word_1_37' title='bbox 103 671 205 733; x_wconf 86' lang='lat' dir='ltr'>machi</span> <span class='ocrx_word' id='word_1_38' title='bbox 227 675 258 732; x_wconf 90' lang='lat' dir='ltr'>ut</span> <span class='ocrx_word' id='word_1_39' title='bbox 281 672 430 732; x_wconf 87' lang='lat' dir='ltr'>consuetis</span> <span class='ocrx_word' id='word_1_40' title='bbox 453 668 527 729; x_wconf 80' lang='lat' dir='ltr'>cibis</span> <span class='ocrx_word' id='word_1_41' title='bbox 549 674 725 744; x_wconf 76' lang='lat' dir='ltr'>gravantur,</span> <span class='ocrx_word' id='word_1_42' title='bbox 756 669 796 736; x_wconf 87' lang='lat' dir='ltr'>ita</span> <span class='ocrx_word' id='word_1_43' title='bbox 819 687 954 728; x_wconf 87' lang='lat' dir='ltr'>novorum</span> <span class='ocrx_word' id='word_1_44' title='bbox 977 671 1066 744; x_wconf 77' lang='lat' dir='ltr'>gustu</span> <span class='ocrx_word' id='word_1_45' title='bbox 1089 667 1231 727; x_wconf 87' lang='lat' dir='ltr'>levantur.</span> <span class='ocrx_word' id='word_1_46' title='bbox 1277 667 1358 744; x_wconf 75' lang='lat' dir='ltr'>Ergo</span> 
     </span>
     <span class='ocr_line' id='line_1_6' title="bbox 106 766 1359 852; baseline -0.002 -17"><span class='ocrx_word' id='word_1_47' title='bbox 106 775 266 850; x_wconf 80' lang='lat' dir='ltr'><strong>eleganter</strong></span> <span class='ocrx_word' id='word_1_48' title='bbox 286 775 396 835; x_wconf 75' lang='lat' dir='ltr'>dixerit</span> <span class='ocrx_word' id='word_1_49' title='bbox 418 776 444 833; x_wconf 89' lang='lat' dir='ltr'>io</span> <span class='ocrx_word' id='word_1_50' title='bbox 468 790 529 833; x_wconf 92' lang='lat' dir='ltr'>eum</span> <span class='ocrx_word' id='word_1_51' title='bbox 553 791 689 848; x_wconf 86' lang='lat' dir='ltr'>sensum,</span> <span class='ocrx_word' id='word_1_52' title='bbox 722 772 873 852; x_wconf 80' lang='lat' dir='ltr'>fastidire</span> <span class='ocrx_word' id='word_1_53' title='bbox 894 791 975 832; x_wconf 85' lang='lat' dir='ltr'>noca</span> <span class='ocrx_word' id='word_1_54' title='bbox 995 770 1124 850; x_wconf 83' lang='lat' dir='ltr'>pabula.</span> <span class='ocrx_word' id='word_1_55' title='bbox 1169 770 1289 832; x_wconf 86' lang='lat' dir='ltr'>Plautus</span> <span class='ocrx_word' id='word_1_56' title='bbox 1313 766 1359 833; x_wconf 89' lang='grc'>0-</span> 
     </span>
     <span class='ocr_line' id='line_1_7' title="bbox 106 872 1359 960; baseline -0.006 -19"><span class='ocrx_word' id='word_1_57' title='bbox 106 899 194 941; x_wconf 85' lang='lat' dir='ltr'>raaea</span> <span class='ocrx_word' id='word_1_58' title='bbox 217 880 350 940; x_wconf 74' lang='lat' dir='ltr'>domines</span> <span class='ocrx_word' id='word_1_59' title='bbox 374 877 417 939; x_wconf 91' lang='lat' dir='ltr'>ad</span> <span class='ocrx_word' id='word_1_60' title='bbox 440 898 526 938; x_wconf 84' lang='lat' dir='ltr'>saara</span> <span class='ocrx_word' id='word_1_61' title='bbox 550 885 708 960; x_wconf 82' lang='lat' dir='ltr'>paaeslara</span> <span class='ocrx_word' id='word_1_62' title='bbox 731 877 862 959; x_wconf 84' lang='lat' dir='ltr'>calleat,</span> <span class='ocrx_word' id='word_1_63' title='bbox 880 884 911 936; x_wconf 91' lang='lat' dir='ltr'>et</span> <span class='ocrx_word' id='word_1_64' title='bbox 925 875 1106 956; x_wconf 82' lang='lat' dir='ltr'>fastidiant.</span> <span class='ocrx_word' id='word_1_65' title='bbox 1125 874 1179 935; x_wconf 91' lang='lat' dir='ltr'>boc</span> <span class='ocrx_word' id='word_1_66' title='bbox 1197 877 1260 952; x_wconf 89' lang='lat' dir='ltr'>est,</span> <span class='ocrx_word' id='word_1_67' title='bbox 1283 872 1359 956; x_wconf 89' lang='lat' dir='ltr'>quod</span> 
     </span>
     <span class='ocr_line' id='line_1_8' title="bbox 99 978 1213 1061; baseline -0.004 -20"><span class='ocrx_word' id='word_1_68' title='bbox 99 979 206 1059; x_wconf 71' lang='lat' dir='ltr'>&#39;vulgo</span> <span class='ocrx_word' id='word_1_69' title='bbox 229 982 365 1060; x_wconf 79' lang='lat' dir='ltr'>dicimus,</span> <span class='ocrx_word' id='word_1_70' title='bbox 388 982 517 1042; x_wconf 79' lang='lat' dir='ltr'>delicati</span> <span class='ocrx_word' id='word_1_71' title='bbox 539 988 621 1043; x_wconf 83' lang='lat' dir='ltr'>saal.</span> <span class='ocrx_word' id='word_1_72' title='bbox 667 980 772 1041; x_wconf 84' lang='lat' dir='ltr'>Putaui</span> <span class='ocrx_word' id='word_1_73' title='bbox 795 985 825 1040; x_wconf 88' lang='lat' dir='ltr'>et</span> <span class='ocrx_word' id='word_1_74' title='bbox 846 978 997 1061; x_wconf 90' lang='lat' dir='ltr'>aliquando</span> <span class='ocrx_word' id='word_1_75' title='bbox 1021 978 1082 1056; x_wconf 84' lang='lat' dir='ltr'>legi</span> <span class='ocrx_word' id='word_1_76' title='bbox 1106 996 1213 1059; x_wconf 85' lang='lat' dir='ltr'>posse:</span> 
     </span>
     <span class='ocr_line' id='line_1_9' title="bbox 460 1083 1005 1166; baseline -0.004 -21"><span class='ocrx_word' id='word_1_77' title='bbox 460 1117 500 1129; x_wconf 89' lang='lat'><em>-</em></span> <span class='ocrx_word' id='word_1_78' title='bbox 523 1104 605 1146; x_wconf 84' lang='lat' dir='ltr'>aava</span> <span class='ocrx_word' id='word_1_79' title='bbox 625 1083 745 1166; x_wconf 78' lang='lat' dir='ltr'>pabala</span> <span class='ocrx_word' id='word_1_80' title='bbox 767 1092 820 1146; x_wconf 83' lang='lat' dir='ltr'>sat</span> <span class='ocrx_word' id='word_1_81' title='bbox 841 1088 885 1146; x_wconf 86' lang='lat' dir='ltr'>ait</span> <span class='ocrx_word' id='word_1_82' title='bbox 907 1083 1005 1145; x_wconf 85' lang='lat' dir='ltr'>adire.</span> 
     </span>
     <span class='ocr_line' id='line_1_10' title="bbox 110 1184 1359 1266; baseline -0.002 -17"><span class='ocrx_word' id='word_1_83' title='bbox 110 1195 143 1250; x_wconf 86' lang='lat' dir='ltr'>nt</span> <span class='ocrx_word' id='word_1_84' title='bbox 165 1190 271 1250; x_wconf 89' lang='lat' dir='ltr'>dictam</span> <span class='ocrx_word' id='word_1_85' title='bbox 294 1190 347 1266; x_wconf 83' lang='lat' dir='ltr'>sit,</span> <span class='ocrx_word' id='word_1_86' title='bbox 371 1192 417 1249; x_wconf 91' lang='lat' dir='ltr'>sat</span> <span class='ocrx_word' id='word_1_87' title='bbox 440 1189 491 1249; x_wconf 87' lang='lat' dir='ltr'>tibi</span> <span class='ocrx_word' id='word_1_88' title='bbox 515 1188 678 1260; x_wconf 82' lang='lat' dir='ltr'>estadire,</span> <span class='ocrx_word' id='word_1_89' title='bbox 702 1192 732 1247; x_wconf 88' lang='lat' dir='ltr'>ut</span> <span class='ocrx_word' id='word_1_90' title='bbox 749 1188 777 1247; x_wconf 92' lang='lat' dir='ltr'>in</span> <span class='ocrx_word' id='word_1_91' title='bbox 795 1189 1007 1266; x_wconf 84' lang='lat' dir='ltr'>comparativo,</span> <span class='ocrx_word' id='word_1_92' title='bbox 1031 1190 1135 1250; x_wconf 84' lang='lat' dir='ltr'>satias</span> <span class='ocrx_word' id='word_1_93' title='bbox 1155 1185 1276 1248; x_wconf 83' lang='lat' dir='ltr'>esttibi</span> <span class='ocrx_word' id='word_1_94' title='bbox 1298 1184 1359 1247; x_wconf 84' lang='lat' dir='ltr'>ad-</span> 
     </span>
     <span class='ocr_line' id='line_1_11' title="bbox 111 1291 1315 1370; baseline -0.003 -15"><span class='ocrx_word' id='word_1_95' title='bbox 111 1298 166 1355; x_wconf 87' lang='lat' dir='ltr'>ire.</span> <span class='ocrx_word' id='word_1_96' title='bbox 215 1294 276 1355; x_wconf 86' lang='lat' dir='ltr'>Sed</span> <span class='ocrx_word' id='word_1_97' title='bbox 299 1291 447 1369; x_wconf 79' lang='lat' dir='ltr'><strong>vulgatam</strong></span> <span class='ocrx_word' id='word_1_98' title='bbox 470 1292 621 1353; x_wconf 89' lang='lat' dir='ltr'>lectionem</span> <span class='ocrx_word' id='word_1_99' title='bbox 645 1292 827 1353; x_wconf 86' lang='lat' dir='ltr'>coniecturae</span> <span class='ocrx_word' id='word_1_100' title='bbox 849 1310 929 1352; x_wconf 91' lang='lat' dir='ltr'>meae</span> <span class='ocrx_word' id='word_1_101' title='bbox 950 1293 1095 1370; x_wconf 87' lang='lat' dir='ltr'>praeiere.</span> <span class='ocrx_word' id='word_1_102' title='bbox 1127 1303 1315 1358; x_wconf 71' lang='grc'><strong>1111111111.</strong></span> 
     </span>
     <span class='ocr_line' id='line_1_12' title="bbox 112 1393 1360 1478; baseline -0.005 -18"><span class='ocrx_word' id='word_1_103' title='bbox 112 1398 236 1460; x_wconf 80' lang='lat' dir='ltr'>Omnino</span> <span class='ocrx_word' id='word_1_104' title='bbox 260 1401 340 1458; x_wconf 87' lang='lat' dir='ltr'>recte</span> <span class='ocrx_word' id='word_1_105' title='bbox 363 1396 594 1457; x_wconf 79' lang='lat' dir='ltr'>Wernrdoriius:</span> <span class='ocrx_word' id='word_1_106' title='bbox 624 1415 707 1457; x_wconf 85' lang='lat' dir='ltr'>aava</span> <span class='ocrx_word' id='word_1_107' title='bbox 727 1395 846 1476; x_wconf 85' lang='lat' dir='ltr'>pabala</span> <span class='ocrx_word' id='word_1_108' title='bbox 866 1396 1020 1476; x_wconf 83' lang='lat' dir='ltr'>fastidire</span> <span class='ocrx_word' id='word_1_109' title='bbox 1043 1429 1079 1438; x_wconf 90' lang='lat'><strong>—</strong></span> <span class='ocrx_word' id='word_1_110' title='bbox 1111 1399 1143 1456; x_wconf 86' lang='lat' dir='ltr'>ia</span> <span class='ocrx_word' id='word_1_111' title='bbox 1164 1413 1276 1474; x_wconf 77' lang='lat' dir='ltr'>acapna</span> <span class='ocrx_word' id='word_1_112' title='bbox 1295 1393 1360 1478; x_wconf 65' lang='lat' dir='ltr'>pa‘-</span> 
     </span>
     <span class='ocr_line' id='line_1_13' title="bbox 112 1499 1361 1582; baseline -0.003 -19"><span class='ocrx_word' id='word_1_113' title='bbox 112 1503 175 1564; x_wconf 83' lang='lat' dir='ltr'>lali</span> <span class='ocrx_word' id='word_1_114' title='bbox 199 1504 292 1582; x_wconf 85' lang='lat' dir='ltr'>capio</span> <span class='ocrx_word' id='word_1_115' title='bbox 313 1509 434 1562; x_wconf 83' lang='lat' dir='ltr'>tentare</span> <span class='ocrx_word' id='word_1_116' title='bbox 455 1508 485 1560; x_wconf 84' lang='lat' dir='ltr'>et</span> <span class='ocrx_word' id='word_1_117' title='bbox 500 1506 637 1581; x_wconf 71' lang='lat' dir='ltr'>pastore</span> <span class='ocrx_word' id='word_1_118' title='bbox 656 1519 739 1561; x_wconf 83' lang='lat' dir='ltr'>noca</span> <span class='ocrx_word' id='word_1_119' title='bbox 766 1500 861 1560; x_wconf 86' lang='lat' dir='ltr'>malta</span> <span class='ocrx_word' id='word_1_120' title='bbox 892 1519 956 1560; x_wconf 88' lang='lat' dir='ltr'>cam</span> <span class='ocrx_word' id='word_1_121' title='bbox 984 1499 1115 1581; x_wconf 83' lang='lat' dir='ltr'>pluriam</span> <span class='ocrx_word' id='word_1_122' title='bbox 1142 1499 1296 1580; x_wconf 85' lang='lat' dir='ltr'>fastidio,</span> <span class='ocrx_word' id='word_1_123' title='bbox 1326 1506 1361 1568; x_wconf 86' lang='lat' dir='ltr'>at</span> 
     </span>
     <span class='ocr_line' id='line_1_14' title="bbox 111 1601 1361 1687; baseline -0.005 -20"><span class='ocrx_word' id='word_1_124' title='bbox 111 1611 255 1687; x_wconf 85' lang='lat' dir='ltr'>optimam</span> <span class='ocrx_word' id='word_1_125' title='bbox 275 1605 397 1685; x_wconf 80' lang='lat' dir='ltr'>elipas,</span> <span class='ocrx_word' id='word_1_126' title='bbox 422 1607 492 1666; x_wconf 85' lang='lat' dir='ltr'>aiae</span> <span class='ocrx_word' id='word_1_127' title='bbox 515 1605 681 1666; x_wconf 79' lang='lat' dir='ltr'>delicatius</span> <span class='ocrx_word' id='word_1_128' title='bbox 702 1606 806 1684; x_wconf 75' lang='lat' dir='ltr'>pasci:</span> <span class='ocrx_word' id='word_1_129' title='bbox 862 1602 1084 1664; x_wconf 76' lang='lat' dir='ltr'>observaverat</span> <span class='ocrx_word' id='word_1_130' title='bbox 1106 1601 1198 1680; x_wconf 85' lang='lat' dir='ltr'>Cato,</span> <span class='ocrx_word' id='word_1_131' title='bbox 1229 1606 1259 1662; x_wconf 91' lang='lat' dir='ltr'>ut</span> <span class='ocrx_word' id='word_1_132' title='bbox 1279 1604 1361 1662; x_wconf 89' lang='lat' dir='ltr'>erant</span> 
     </span>
     <span class='ocr_line' id='line_1_15' title="bbox 111 1706 1360 1783; baseline -0.002 -15"><span class='ocrx_word' id='word_1_133' title='bbox 111 1716 234 1771; x_wconf 85' lang='lat' dir='ltr'>veteres</span> <span class='ocrx_word' id='word_1_134' title='bbox 257 1713 391 1783; x_wconf 87' lang='lat' dir='ltr'>naturae,</span> <span class='ocrx_word' id='word_1_135' title='bbox 415 1709 498 1768; x_wconf 89' lang='lat' dir='ltr'>etiam</span> <span class='ocrx_word' id='word_1_136' title='bbox 521 1709 549 1767; x_wconf 91' lang='lat' dir='ltr'>ia</span> <span class='ocrx_word' id='word_1_137' title='bbox 572 1709 660 1768; x_wconf 91' lang='lat' dir='ltr'>rebus</span> <span class='ocrx_word' id='word_1_138' title='bbox 682 1708 814 1781; x_wconf 87' lang='lat' dir='ltr'>minutis,</span> <span class='ocrx_word' id='word_1_139' title='bbox 829 1706 1037 1770; x_wconf 79' lang='lat' dir='ltr'><strong>observatores</strong></span> <span class='ocrx_word' id='word_1_140' title='bbox 1057 1706 1288 1782; x_wconf 82' lang='lat' dir='ltr'>diligentissimi,</span> <span class='ocrx_word' id='word_1_141' title='bbox 1308 1724 1360 1767; x_wconf 90' lang='lat' dir='ltr'>ca-</span> 
     </span>
     <span class='ocr_line' id='line_1_16' title="bbox 111 1809 1359 1891; baseline -0.002 -20"><span class='ocrx_word' id='word_1_142' title='bbox 111 1813 221 1891; x_wconf 84' lang='lat' dir='ltr'>pellas,</span> <span class='ocrx_word' id='word_1_143' title='bbox 246 1811 297 1872; x_wconf 80' lang='lat' dir='ltr'>aed</span> <span class='ocrx_word' id='word_1_144' title='bbox 321 1813 405 1872; x_wconf 87' lang='lat' dir='ltr'>etiam</span> <span class='ocrx_word' id='word_1_145' title='bbox 429 1810 484 1871; x_wconf 87' lang='lat' dir='ltr'>alia</span> <span class='ocrx_word' id='word_1_146' title='bbox 506 1810 651 1885; x_wconf 82' lang='lat' dir='ltr'>animalia,</span> <span class='ocrx_word' id='word_1_147' title='bbox 674 1811 738 1871; x_wconf 90' lang='lat' dir='ltr'>dum</span> <span class='ocrx_word' id='word_1_148' title='bbox 760 1815 930 1890; x_wconf 88' lang='lat' dir='ltr'>pascuntur,</span> <span class='ocrx_word' id='word_1_149' title='bbox 955 1809 1003 1870; x_wconf 89' lang='lat' dir='ltr'>ubi</span> <span class='ocrx_word' id='word_1_150' title='bbox 1026 1811 1130 1871; x_wconf 88' lang='lat' dir='ltr'>multus</span> <span class='ocrx_word' id='word_1_151' title='bbox 1152 1810 1237 1871; x_wconf 85' lang='lat' dir='ltr'>cibus</span> <span class='ocrx_word' id='word_1_152' title='bbox 1260 1810 1359 1885; x_wconf 88' lang='lat' dir='ltr'>adest,</span> 
     </span>
     <span class='ocr_line' id='line_1_17' title="bbox 111 1900 1359 1994; baseline -0.002 -18"><span class='ocrx_word' id='word_1_153' title='bbox 111 1935 168 1976; x_wconf 91' lang='lat' dir='ltr'>aon</span> <span class='ocrx_word' id='word_1_154' title='bbox 194 1916 292 1975; x_wconf 87' lang='lat' dir='ltr'>eadem</span> <span class='ocrx_word' id='word_1_155' title='bbox 315 1915 407 1975; x_wconf 92' lang='lat' dir='ltr'>omnia</span> <span class='ocrx_word' id='word_1_156' title='bbox 430 1915 585 1994; x_wconf 82' lang='lat' dir='ltr'>cupiditate</span> <span class='ocrx_word' id='word_1_157' title='bbox 608 1915 767 1991; x_wconf 85' lang='lat' dir='ltr'>devorare,</span> <span class='ocrx_word' id='word_1_158' title='bbox 792 1916 843 1974; x_wconf 91' lang='lat' dir='ltr'>sed</span> <span class='ocrx_word' id='word_1_159' title='bbox 867 1932 942 1975; x_wconf 92' lang='lat' dir='ltr'>nnnc</span> <span class='ocrx_word' id='word_1_160' title='bbox 964 1914 1036 1991; x_wconf 90' lang='lat' dir='ltr'>boc,</span> <span class='ocrx_word' id='word_1_161' title='bbox 1059 1932 1134 1975; x_wconf 92' lang='lat' dir='ltr'>nunc</span> <span class='ocrx_word' id='word_1_162' title='bbox 1151 1900 1265 1990; x_wconf 82' lang='lat' dir='ltr'>eligere</span> <span class='ocrx_word' id='word_1_163' title='bbox 1280 1912 1359 1974; x_wconf 89' lang='lat' dir='ltr'>illud.</span> 
     </span>
     <span class='ocr_line' id='line_1_18' title="bbox 113 2017 1359 2099; baseline -0.005 -16"><span class='ocrx_word' id='word_1_164' title='bbox 113 2018 256 2099; x_wconf 77' lang='lat' dir='ltr'>Capellae</span> <span class='ocrx_word' id='word_1_165' title='bbox 279 2023 386 2086; x_wconf 81' lang='lat' dir='ltr'>aulem.</span> <span class='ocrx_word' id='word_1_166' title='bbox 410 2021 436 2078; x_wconf 88' lang='lat' dir='ltr'>si</span> <span class='ocrx_word' id='word_1_167' title='bbox 460 2023 539 2079; x_wconf 86' lang='lat' dir='ltr'>recte</span> <span class='ocrx_word' id='word_1_168' title='bbox 560 2019 687 2093; x_wconf 86' lang='lat' dir='ltr'>memini,</span> <span class='ocrx_word' id='word_1_169' title='bbox 710 2037 781 2098; x_wconf 87' lang='lat' dir='ltr'>prae</span> <span class='ocrx_word' id='word_1_170' title='bbox 804 2018 869 2078; x_wconf 86' lang='lat' dir='ltr'>aliis</span> <span class='ocrx_word' id='word_1_171' title='bbox 892 2018 1061 2080; x_wconf 86' lang='lat' dir='ltr'>animalibus</span> <span class='ocrx_word' id='word_1_172' title='bbox 1084 2017 1255 2079; x_wconf 78' lang='lat' dir='ltr'>fastidiosae</span> <span class='ocrx_word' id='word_1_173' title='bbox 1276 2023 1359 2089; x_wconf 85' lang='lat' dir='ltr'>sunt,</span> 
     </span>
     <span class='ocr_line' id='line_1_19' title="bbox 111 2120 1360 2203; baseline -0.003 -19"><span class='ocrx_word' id='word_1_174' title='bbox 111 2142 146 2185; x_wconf 91' lang='lat' dir='ltr'>ac</span> <span class='ocrx_word' id='word_1_175' title='bbox 169 2122 324 2184; x_wconf 87' lang='lat' dir='ltr'>delicatae.</span> <span class='ocrx_word' id='word_1_176' title='bbox 370 2123 439 2182; x_wconf 80' lang='lat' dir='ltr'>bium</span> <span class='ocrx_word' id='word_1_177' title='bbox 463 2124 489 2182; x_wconf 89' lang='lat' dir='ltr'>in</span> <span class='ocrx_word' id='word_1_178' title='bbox 513 2141 629 2184; x_wconf 87' lang='lat' dir='ltr'>sensam</span> <span class='ocrx_word' id='word_1_179' title='bbox 652 2120 726 2186; x_wconf 85' lang='lat' dir='ltr'>Cato</span> <span class='ocrx_word' id='word_1_180' title='bbox 748 2124 899 2203; x_wconf 75' lang='lat' dir='ltr'>fastidire</span> <span class='ocrx_word' id='word_1_181' title='bbox 920 2122 1011 2200; x_wconf 87' lang='lat' dir='ltr'>dixit,</span> <span class='ocrx_word' id='word_1_182' title='bbox 1041 2123 1195 2197; x_wconf 80' lang='lat' dir='ltr'>audacter,</span> <span class='ocrx_word' id='word_1_183' title='bbox 1218 2121 1270 2182; x_wconf 89' lang='lat' dir='ltr'>sed</span> <span class='ocrx_word' id='word_1_184' title='bbox 1292 2120 1360 2182; x_wconf 83' lang='lat' dir='ltr'>iedl-</span> 
     </span>
     <span class='ocr_line' id='line_1_20' title="bbox 114 2225 1359 2308; baseline -0.004 -20"><span class='ocrx_word' id='word_1_185' title='bbox 114 2228 199 2290; x_wconf 85' lang='lat' dir='ltr'>riter.</span> <span class='ocrx_word' id='word_1_186' title='bbox 289 2225 390 2288; x_wconf 89' lang='lat' dir='ltr'>Dousa</span> <span class='ocrx_word' id='word_1_187' title='bbox 410 2228 563 2308; x_wconf 85' lang='lat' dir='ltr'>fastidire</span> <span class='ocrx_word' id='word_1_188' title='bbox 584 2246 644 2306; x_wconf 85' lang='lat' dir='ltr'>pro</span> <span class='ocrx_word' id='word_1_189' title='bbox 659 2227 781 2288; x_wconf 86' lang='lat' dir='ltr'>reiicere</span> <span class='ocrx_word' id='word_1_190' title='bbox 804 2227 953 2306; x_wconf 88' lang='lat' dir='ltr'>capiebat:</span> <span class='ocrx_word' id='word_1_191' title='bbox 989 2244 1044 2287; x_wconf 92' lang='lat' dir='ltr'>non</span> <span class='ocrx_word' id='word_1_192' title='bbox 1071 2226 1158 2286; x_wconf 84' lang='lat' dir='ltr'>video</span> <span class='ocrx_word' id='word_1_193' title='bbox 1181 2243 1237 2307; x_wconf 86' lang='lat' dir='ltr'>quo</span> <span class='ocrx_word' id='word_1_194' title='bbox 1260 2242 1359 2285; x_wconf 88' lang='lat' dir='ltr'>seusu.</span> 
     </span>
     <span class='ocr_line' id='line_1_21' title="bbox 113 2323 1362 2412; baseline -0.003 -18"><span class='ocrx_word' id='word_1_195' title='bbox 113 2331 253 2408; x_wconf 76' lang='lat' dir='ltr'>§litigius</span> <span class='ocrx_word' id='word_1_196' title='bbox 283 2331 435 2412; x_wconf 76' lang='lat' dir='ltr'>fastidire</span> <span class='ocrx_word' id='word_1_197' title='bbox 462 2332 564 2392; x_wconf 84' lang='lat' dir='ltr'>dictum</span> <span class='ocrx_word' id='word_1_198' title='bbox 595 2349 662 2392; x_wconf 87' lang='lat' dir='ltr'>esse</span> <span class='ocrx_word' id='word_1_199' title='bbox 696 2323 783 2406; x_wconf 76' lang='lat' dir='ltr'>nopai</span> <span class='ocrx_word' id='word_1_200' title='bbox 813 2327 1013 2408; x_wconf 74' lang='grc' dir='ltr'><strong><em>προσδοκίαν</em></strong></span> <span class='ocrx_word' id='word_1_201' title='bbox 1042 2335 1160 2390; x_wconf 87' lang='lat' dir='ltr'>censet:</span> <span class='ocrx_word' id='word_1_202' title='bbox 1195 2329 1362 2407; x_wconf 84' lang='lat' dir='ltr'>exspectari</span> 
     </span>
     <span class='ocr_line' id='line_1_22' title="bbox 114 2429 1361 2520; baseline -0.003 -23"><span class='ocrx_word' id='word_1_203' title='bbox 114 2437 206 2510; x_wconf 89' lang='lat' dir='ltr'>enim,</span> <span class='ocrx_word' id='word_1_204' title='bbox 230 2432 434 2513; x_wconf 78' lang='lat' dir='ltr'>nouapabnia</span> <span class='ocrx_word' id='word_1_205' title='bbox 459 2456 614 2520; x_wconf 80' lang='lat' dir='ltr'>quaerere.</span> <span class='ocrx_word' id='word_1_206' title='bbox 660 2433 743 2516; x_wconf 79' lang='lat' dir='ltr'>Quod</span> <span class='ocrx_word' id='word_1_207' title='bbox 767 2453 822 2495; x_wconf 90' lang='lat' dir='ltr'>noo</span> <span class='ocrx_word' id='word_1_208' title='bbox 846 2437 919 2495; x_wconf 88' lang='lat' dir='ltr'>satis</span> <span class='ocrx_word' id='word_1_209' title='bbox 942 2434 1085 2512; x_wconf 81' lang='lat' dir='ltr'>intelligo.</span> <span class='ocrx_word' id='word_1_210' title='bbox 1130 2434 1203 2496; x_wconf 85' lang='lat' dir='ltr'>Nam</span> <span class='ocrx_word' id='word_1_211' title='bbox 1226 2434 1251 2494; x_wconf 88' lang='lat' dir='ltr'>si</span> <span class='ocrx_word' id='word_1_212' title='bbox 1274 2429 1361 2506; x_wconf 76' lang='grc' dir='ltr'><em>παρὰ</em></span> 
     </span>
     <span class='ocr_line' id='line_1_23' title="bbox 114 2535 1361 2622; baseline 0.002 -29"><span class='ocrx_word' id='word_1_213' title='bbox 114 2535 317 2614; x_wconf 71' lang='grc' dir='ltr'><strong><em>προσδοκίαν</em></strong></span> <span class='ocrx_word' id='word_1_214' title='bbox 340 2539 442 2600; x_wconf 89' lang='lat' dir='ltr'>dietum</span> <span class='ocrx_word' id='word_1_215' title='bbox 466 2543 512 2599; x_wconf 89' lang='lat' dir='ltr'>est</span> <span class='ocrx_word' id='word_1_216' title='bbox 533 2538 706 2619; x_wconf 80' lang='lat' dir='ltr'>fastidire,</span> <span class='ocrx_word' id='word_1_217' title='bbox 735 2557 798 2618; x_wconf 42' lang='lat' dir='ltr'>pros</span> <span class='ocrx_word' id='word_1_218' title='bbox 818 2558 980 2622; x_wconf 81' lang='lat' dir='ltr'>paaerere,</span> <span class='ocrx_word' id='word_1_219' title='bbox 1012 2556 1068 2599; x_wconf 94' lang='lat' dir='ltr'>non</span> <span class='ocrx_word' id='word_1_220' title='bbox 1096 2539 1225 2617; x_wconf 86' lang='lat' dir='ltr'>pascitur</span> <span class='ocrx_word' id='word_1_221' title='bbox 1254 2554 1361 2617; x_wconf 90' lang='lat' dir='ltr'>caper:</span> 
     </span>
     <span class='ocr_line' id='line_1_24' title="bbox 114 2623 1204 2725; baseline -0.003 -22"><span class='ocrx_word' id='word_1_222' title='bbox 114 2643 189 2725; x_wconf 86' lang='lat' dir='ltr'>qaod</span> <span class='ocrx_word' id='word_1_223' title='bbox 215 2646 456 2703; x_wconf 78' lang='lat' dir='ltr'>contrementem</span> <span class='ocrx_word' id='word_1_224' title='bbox 479 2648 601 2721; x_wconf 83' lang='lat' dir='ltr'>poetae,</span> <span class='ocrx_word' id='word_1_225' title='bbox 624 2623 738 2721; x_wconf 83' lang='lat' dir='ltr'>caprum</span> <span class='ocrx_word' id='word_1_226' title='bbox 761 2642 973 2719; x_wconf 82' lang='lat' dir='ltr'>describentis,</span> <span class='ocrx_word' id='word_1_227' title='bbox 996 2643 1044 2723; x_wconf 88' lang='lat' dir='ltr'>qui</span> <span class='ocrx_word' id='word_1_228' title='bbox 1067 2645 1204 2722; x_wconf 87' lang='lat' dir='ltr'>pascitur.</span> 
     </span>
     <span class='ocr_line' id='line_1_25' title="bbox 180 2745 1363 2828; baseline -0.004 -19"><span class='ocrx_word' id='word_1_229' title='bbox 180 2752 212 2809; x_wconf 86' lang='lat' dir='ltr'>ai</span> <span class='ocrx_word' id='word_1_230' title='bbox 234 2750 282 2808; x_wconf 80' lang='lat' dir='ltr'>aio</span> <span class='ocrx_word' id='word_1_231' title='bbox 305 2765 358 2825; x_wconf 93' lang='lat' dir='ltr'>pro</span> <span class='ocrx_word' id='word_1_232' title='bbox 389 2748 482 2809; x_wconf 77' lang='lat' dir='ltr'>silvis</span> <span class='ocrx_word' id='word_1_233' title='bbox 505 2747 624 2807; x_wconf 75' lang='lat' dir='ltr'>Maroae.</span> <span class='ocrx_word' id='word_1_234' title='bbox 648 2745 672 2806; x_wconf 86' lang='lat'>1.</span> <span class='ocrx_word' id='word_1_235' title='bbox 696 2745 734 2806; x_wconf 87' lang='lat'>11.</span> <span class='ocrx_word' id='word_1_236' title='bbox 764 2745 887 2807; x_wconf 87' lang='lat' dir='ltr'>Vratisl.</span> <span class='ocrx_word' id='word_1_237' title='bbox 911 2748 936 2807; x_wconf 91' lang='grc'>1.</span> <span class='ocrx_word' id='word_1_238' title='bbox 980 2747 1147 2828; x_wconf 76' lang='lat' dir='ltr'>farstidiere</span> <span class='ocrx_word' id='word_1_239' title='bbox 1170 2745 1279 2806; x_wconf 84' lang='lat' dir='ltr'>Medic.</span> <span class='ocrx_word' id='word_1_240' title='bbox 1306 2745 1363 2826; x_wconf 73' lang='lat' dir='ltr'>fa-</span> 
     </span>
     <span class='ocr_line' id='line_1_26' title="bbox 114 2849 1362 2932; baseline -0.002 -19"><span class='ocrx_word' id='word_1_241' title='bbox 114 2852 245 2914; x_wconf 82' lang='lat' dir='ltr'>stidirar</span> <span class='ocrx_word' id='word_1_242' title='bbox 273 2849 396 2910; x_wconf 85' lang='lat' dir='ltr'>Helmst.</span> <span class='ocrx_word' id='word_1_243' title='bbox 462 2851 601 2911; x_wconf 80' lang='lat' dir='ltr'>Heinsius</span> <span class='ocrx_word' id='word_1_244' title='bbox 624 2851 699 2911; x_wconf 90' lang='lat' dir='ltr'>conl.</span> <span class='ocrx_word' id='word_1_245' title='bbox 735 2850 811 2912; x_wconf 80' lang='lat' dir='ltr'>Sive</span> <span class='ocrx_word' id='word_1_246' title='bbox 831 2850 888 2910; x_wconf 86' lang='lat' dir='ltr'>tibi</span> <span class='ocrx_word' id='word_1_247' title='bbox 911 2851 1005 2912; x_wconf 86' lang='lat' dir='ltr'>silvia</span> <span class='ocrx_word' id='word_1_248' title='bbox 1029 2871 1058 2910; x_wconf 83' lang='lat' dir='ltr'>a.</span> <span class='ocrx_word' id='word_1_249' title='bbox 1080 2870 1112 2932; x_wconf 85' lang='lat' dir='ltr'>p.</span> <span class='ocrx_word' id='word_1_250' title='bbox 1135 2851 1243 2930; x_wconf 79' lang='lat' dir='ltr'>factas</span> <span class='ocrx_word' id='word_1_251' title='bbox 1267 2850 1362 2924; x_wconf 87' lang='lat' dir='ltr'>adiri,</span> 
     </span>
     <span class='ocr_line' id='line_1_27' title="bbox 113 2938 1364 3035; baseline -0.003 -17"><span class='ocrx_word' id='word_1_252' title='bbox 113 2957 193 3019; x_wconf 81' lang='lat' dir='ltr'>Sive</span> <span class='ocrx_word' id='word_1_253' title='bbox 215 2938 297 3016; x_wconf 82' lang='lat' dir='ltr'>iulet</span> <span class='ocrx_word' id='word_1_254' title='bbox 319 2975 346 3016; x_wconf 89' lang='lat' dir='ltr'>o.</span> <span class='ocrx_word' id='word_1_255' title='bbox 387 2954 435 3015; x_wconf 86' lang='lat' dir='ltr'>vol</span> <span class='ocrx_word' id='word_1_256' title='bbox 464 2957 521 3035; x_wconf 80' lang='lat' dir='ltr'>faa</span> <span class='ocrx_word' id='word_1_257' title='bbox 551 2958 595 3016; x_wconf 86' lang='lat' dir='ltr'>sit</span> <span class='ocrx_word' id='word_1_258' title='bbox 621 2956 727 3030; x_wconf 86' lang='lat' dir='ltr'>adire,</span> <span class='ocrx_word' id='word_1_259' title='bbox 759 2955 837 3017; x_wconf 85' lang='lat' dir='ltr'>Sive</span> <span class='ocrx_word' id='word_1_260' title='bbox 866 2959 950 3016; x_wconf 85' lang='lat' dir='ltr'>iacet</span> <span class='ocrx_word' id='word_1_261' title='bbox 973 2975 1001 3016; x_wconf 85' lang='lat' dir='ltr'>e.</span> <span class='ocrx_word' id='word_1_262' title='bbox 1036 2955 1198 3015; x_wconf 80' lang='lat' dir='ltr'>llumranno</span> <span class='ocrx_word' id='word_1_263' title='bbox 1221 2958 1312 3015; x_wconf 89' lang='lat' dir='ltr'>autem</span> <span class='ocrx_word' id='word_1_264' title='bbox 1336 2956 1364 3014; x_wconf 92' lang='lat' dir='ltr'>in</span> 
     </span>
     <span class='ocr_line' id='line_1_28' title="bbox 87 3058 1256 3139; baseline 0.001 -20"><span class='ocrx_word' id='word_1_265' title='bbox 87 3064 239 3120; x_wconf 81' lang='lat' dir='ltr'>·arentem</span> <span class='ocrx_word' id='word_1_266' title='bbox 262 3061 385 3119; x_wconf 86' lang='lat' dir='ltr'>venerat</span> <span class='ocrx_word' id='word_1_267' title='bbox 405 3060 515 3139; x_wconf 74' lang='lat' dir='ltr'>saetas</span> <span class='ocrx_word' id='word_1_268' title='bbox 539 3060 645 3134; x_wconf 86' lang='lat' dir='ltr'>adire,</span> <span class='ocrx_word' id='word_1_269' title='bbox 669 3058 745 3120; x_wconf 81' lang='lat' dir='ltr'>Sive</span> <span class='ocrx_word' id='word_1_270' title='bbox 764 3061 851 3139; x_wconf 83' lang='lat' dir='ltr'>pipet</span> <span class='ocrx_word' id='word_1_271' title='bbox 873 3078 899 3120; x_wconf 86' lang='lat' dir='ltr'>e.</span> <span class='ocrx_word' id='word_1_272' title='bbox 1254 3100 1256 3105; x_wconf 68' lang='lat'>,</span> 
     </span>
     <span class='ocr_line' id='line_1_29' title="bbox 182 3158 1364 3225; baseline -0.003 0"><span class='ocrx_word' id='word_1_273' title='bbox 182 3164 223 3225; x_wconf 86' lang='lat' dir='ltr'>V.</span> <span class='ocrx_word' id='word_1_274' title='bbox 248 3165 299 3222; x_wconf 80' lang='lat'>34.</span> <span class='ocrx_word' id='word_1_275' title='bbox 323 3160 399 3223; x_wconf 83' lang='lat' dir='ltr'>liber</span> <span class='ocrx_word' id='word_1_276' title='bbox 422 3163 529 3224; x_wconf 87' lang='lat' dir='ltr'>Medic.</span> <span class='ocrx_word' id='word_1_277' title='bbox 575 3162 651 3224; x_wconf 90' lang='lat' dir='ltr'>Idem</span> <span class='ocrx_word' id='word_1_278' title='bbox 676 3166 705 3224; x_wconf 90' lang='lat' dir='ltr'>et</span> <span class='ocrx_word' id='word_1_279' title='bbox 727 3162 821 3224; x_wconf 87' lang='lat' dir='ltr'>Paris.</span> <span class='ocrx_word' id='word_1_280' title='bbox 845 3162 899 3224; x_wconf 92' lang='lat' dir='ltr'>lV.</span> <span class='ocrx_word' id='word_1_281' title='bbox 930 3164 1059 3224; x_wconf 90' lang='lat' dir='ltr'>omittunt</span> <span class='ocrx_word' id='word_1_282' title='bbox 1081 3158 1132 3225; x_wconf 78' lang='lat' dir='ltr'>est</span> <span class='ocrx_word' id='word_1_283' title='bbox 1157 3162 1185 3222; x_wconf 90' lang='lat' dir='ltr'>in</span> <span class='ocrx_word' id='word_1_284' title='bbox 1215 3163 1269 3222; x_wconf 80' lang='lat' dir='ltr'>tine</span> <span class='ocrx_word' id='word_1_285' title='bbox 1293 3181 1364 3222; x_wconf 84' lang='lat' dir='ltr'>ver-</span> 
     </span>
     <span class='ocr_line' id='line_1_30' title="bbox 113 3265 1363 3347; baseline -0.003 -19"><span class='ocrx_word' id='word_1_286' title='bbox 113 3287 179 3328; x_wconf 86' lang='lat' dir='ltr'>sus.</span> <span class='ocrx_word' id='word_1_287' title='bbox 226 3265 330 3327; x_wconf 81' lang='lat' dir='ltr'>Totum</span> <span class='ocrx_word' id='word_1_288' title='bbox 357 3284 472 3326; x_wconf 83' lang='lat' dir='ltr'>versam</span> <span class='ocrx_word' id='word_1_289' title='bbox 499 3267 603 3327; x_wconf 88' lang='lat' dir='ltr'>omittit</span> <span class='ocrx_word' id='word_1_290' title='bbox 634 3265 752 3326; x_wconf 84' lang='lat' dir='ltr'>Monac.</span> <span class='ocrx_word' id='word_1_291' title='bbox 776 3265 814 3327; x_wconf 90' lang='grc'>11.</span> <span class='ocrx_word' id='word_1_292' title='bbox 859 3277 919 3328; x_wconf 86' lang='lat' dir='ltr'>tam</span> <span class='ocrx_word' id='word_1_293' title='bbox 948 3285 1000 3347; x_wconf 95' lang='lat' dir='ltr'>pro</span> <span class='ocrx_word' id='word_1_294' title='bbox 1031 3275 1127 3328; x_wconf 81' lang='lat' dir='ltr'>tecam</span> <span class='ocrx_word' id='word_1_295' title='bbox 1153 3268 1231 3329; x_wconf 83' lang='lat' dir='ltr'>Van.</span> <span class='ocrx_word' id='word_1_296' title='bbox 1254 3265 1363 3327; x_wconf 75' lang='lat' dir='ltr'>debat.</span> 
     </span>
     <span class='ocr_line' id='line_1_31' title="bbox 113 3368 741 3446; baseline -0.006 -13"><span class='ocrx_word' id='word_1_297' title='bbox 113 3373 201 3433; x_wconf 83' lang='lat' dir='ltr'>loeta</span> <span class='ocrx_word' id='word_1_298' title='bbox 225 3368 317 3446; x_wconf 78' lang='lat' dir='ltr'>Angi.</span> <span class='ocrx_word' id='word_1_299' title='bbox 362 3370 427 3430; x_wconf 89' lang='lat' dir='ltr'>leta</span> <span class='ocrx_word' id='word_1_300' title='bbox 450 3369 532 3430; x_wconf 88' lang='lat' dir='ltr'>Rom.</span> <span class='ocrx_word' id='word_1_301' title='bbox 556 3369 580 3430; x_wconf 89' lang='grc'>1.</span> <span class='ocrx_word' id='word_1_302' title='bbox 603 3369 642 3431; x_wconf 87' lang='lat' dir='ltr'>ll.</span> <span class='ocrx_word' id='word_1_303' title='bbox 665 3369 741 3430; x_wconf 86' lang='lat' dir='ltr'>Mat.</span> 
     </span>
    </p>
   </div>
   <div class='ocr_carea' id='block_1_4' title="bbox 114 3573 1364 3777">
    <p class='ocr_par' dir='ltr' id='par_1_4' title="bbox 114 3573 1364 3777">
     <span class='ocr_line' id='line_1_32' title="bbox 184 3573 1363 3658; baseline 0.008 -21"><span class='ocrx_word' id='word_1_304' title='bbox 184 3576 224 3637; x_wconf 87' lang='lat' dir='ltr'>V.</span> <span class='ocrx_word' id='word_1_305' title='bbox 247 3581 298 3638; x_wconf 84' lang='lat'>35.</span> <span class='ocrx_word' id='word_1_306' title='bbox 323 3584 374 3639; x_wconf 82' lang='grc'>36.</span> <span class='ocrx_word' id='word_1_307' title='bbox 399 3573 487 3651; x_wconf 80' lang='lat'>(138.</span> <span class='ocrx_word' id='word_1_308' title='bbox 512 3580 557 3655; x_wconf 87' lang='lat'>9.)</span> <span class='ocrx_word' id='word_1_309' title='bbox 589 3590 634 3643; x_wconf 75' lang='grc' dir='ltr'>ΕΤ</span> <span class='ocrx_word' id='word_1_310' title='bbox 652 3591 729 3644; x_wconf 75' lang='lat' dir='ltr'>MAS</span> <span class='ocrx_word' id='word_1_311' title='bbox 748 3591 959 3658; x_wconf 71' lang='lat' dir='ltr'><strong>QUICUMQUE</strong></span> <span class='ocrx_word' id='word_1_312' title='bbox 978 3591 1059 3656; x_wconf 72' lang='lat' dir='ltr'>usa,</span> <span class='ocrx_word' id='word_1_313' title='bbox 1078 3590 1152 3643; x_wconf 70' lang='lat' dir='ltr'>lbra</span> <span class='ocrx_word' id='word_1_314' title='bbox 1171 3591 1243 3646; x_wconf 77' lang='lat' dir='ltr'>SUA</span> <span class='ocrx_word' id='word_1_315' title='bbox 1261 3593 1291 3645; x_wconf 77' lang='lat' dir='ltr'>F.</span> <span class='ocrx_word' id='word_1_316' title='bbox 1309 3596 1363 3647; x_wconf 85' lang='lat' dir='ltr'>etc.</span> 
     </span>
     <span class='ocr_line' id='line_1_33' title="bbox 114 3679 1364 3777; baseline 0 -33"><span class='ocrx_word' id='word_1_317' title='bbox 114 3680 158 3744; x_wconf 71' lang='lat' dir='ltr'>aa</span> <span class='ocrx_word' id='word_1_318' title='bbox 176 3699 349 3777; x_wconf 49' lang='lat' dir='ltr'>¹quocunque</span> <span class='ocrx_word' id='word_1_319' title='bbox 372 3700 436 3760; x_wconf 79' lang='lat' dir='ltr'>rap.</span> <span class='ocrx_word' id='word_1_320' title='bbox 459 3679 525 3741; x_wconf 77' lang='lat' dir='ltr'>lo&#39;co</span> <span class='ocrx_word' id='word_1_321' title='bbox 548 3687 595 3741; x_wconf 90' lang='lat' dir='ltr'>est</span> <span class='ocrx_word' id='word_1_322' title='bbox 616 3699 698 3741; x_wconf 88' lang='lat' dir='ltr'>aras.</span> <span class='ocrx_word' id='word_1_323' title='bbox 716 3683 736 3742; x_wconf 90' lang='lat' dir='ltr'>i.</span> <span class='ocrx_word' id='word_1_324' title='bbox 760 3680 922 3743; x_wconf 89' lang='lat' dir='ltr'>masculus:</span> <span class='ocrx_word' id='word_1_325' title='bbox 947 3681 1050 3742; x_wconf 90' lang='grc'><strong>1111.1.</strong></span> <span class='ocrx_word' id='word_1_326' title='bbox 1074 3680 1132 3742; x_wconf 87' lang='lat' dir='ltr'>iilic</span> <span class='ocrx_word' id='word_1_327' title='bbox 1155 3689 1201 3743; x_wconf 87' lang='lat' dir='ltr'>est</span> <span class='ocrx_word' id='word_1_328' title='bbox 1223 3702 1275 3743; x_wconf 85' lang='lat' dir='ltr'>sua</span> <span class='ocrx_word' id='word_1_329' title='bbox 1298 3684 1364 3744; x_wconf 82' lang='lat' dir='ltr'>foe-</span> 
     </span>
    </p>
   </div>
   <div class='ocr_carea' id='block_1_5' title="bbox 115 3785 1399 4395">
    <p class='ocr_par' dir='ltr' id='par_1_5' title="bbox 115 3785 1399 4395">
     <span class='ocr_line' id='line_1_34' title="bbox 115 3785 1364 3867; baseline 0.002 -21"><span class='ocrx_word' id='word_1_330' title='bbox 115 3787 211 3846; x_wconf 85' lang='lat' dir='ltr'>mina:</span> <span class='ocrx_word' id='word_1_331' title='bbox 234 3785 284 3846; x_wconf 90' lang='lat' dir='ltr'>vel</span> <span class='ocrx_word' id='word_1_332' title='bbox 307 3787 350 3846; x_wconf 92' lang='lat' dir='ltr'>sio</span> <span class='ocrx_word' id='word_1_333' title='bbox 366 3785 404 3846; x_wconf 86' lang='lat' dir='ltr'>Iit</span> <span class='ocrx_word' id='word_1_334' title='bbox 427 3786 586 3867; x_wconf 88' lang='lat' dir='ltr'>quicunque</span> <span class='ocrx_word' id='word_1_335' title='bbox 607 3804 682 3845; x_wconf 87' lang='lat' dir='ltr'>aras.</span> <span class='ocrx_word' id='word_1_336' title='bbox 707 3786 727 3845; x_wconf 87' lang='lat' dir='ltr'>i.</span> <span class='ocrx_word' id='word_1_337' title='bbox 751 3785 893 3846; x_wconf 86' lang='lat' dir='ltr'>masculas</span> <span class='ocrx_word' id='word_1_338' title='bbox 915 3785 989 3846; x_wconf 86' lang='lat' dir='ltr'>alias</span> <span class='ocrx_word' id='word_1_339' title='bbox 1012 3790 1076 3847; x_wconf 82' lang='lat' dir='ltr'>est:</span> <span class='ocrx_word' id='word_1_340' title='bbox 1100 3786 1140 3847; x_wconf 89' lang='grc'><strong>1111</strong></span> <span class='ocrx_word' id='word_1_341' title='bbox 1163 3791 1209 3849; x_wconf 90' lang='lat' dir='ltr'>est</span> <span class='ocrx_word' id='word_1_342' title='bbox 1231 3789 1364 3849; x_wconf 81' lang='grc'><strong>111111-</strong></span> 
     </span>
     <span class='ocr_line' id='line_1_35' title="bbox 117 3884 1364 3972; baseline 0.001 -21"><span class='ocrx_word' id='word_1_343' title='bbox 117 3890 195 3951; x_wconf 85' lang='lat' dir='ltr'>mina</span> <span class='ocrx_word' id='word_1_344' title='bbox 217 3889 328 3951; x_wconf 86' lang='lat' dir='ltr'>iuncta:</span> <span class='ocrx_word' id='word_1_345' title='bbox 352 3892 383 3951; x_wconf 89' lang='lat' dir='ltr'>et</span> <span class='ocrx_word' id='word_1_346' title='bbox 404 3889 468 3949; x_wconf 90' lang='lat' dir='ltr'>idco</span> <span class='ocrx_word' id='word_1_347' title='bbox 491 3908 629 3971; x_wconf 90' lang='lat' dir='ltr'>nunquam</span> <span class='ocrx_word' id='word_1_348' title='bbox 648 3889 775 3968; x_wconf 85' lang='lat' dir='ltr'>ploravit</span> <span class='ocrx_word' id='word_1_349' title='bbox 788 3884 901 3950; x_wconf 75' lang='lat' dir='ltr'>amores</span> <span class='ocrx_word' id='word_1_350' title='bbox 923 3887 1143 3968; x_wconf 81' lang='lat' dir='ltr'>interpellatos.</span> <span class='ocrx_word' id='word_1_351' title='bbox 1168 3893 1188 3953; x_wconf 89' lang='grc'>1.</span> <span class='ocrx_word' id='word_1_352' title='bbox 1212 3893 1364 3972; x_wconf 88' lang='lat' dir='ltr'>impeditos</span> 
     </span>
     <span class='ocr_line' id='line_1_36' title="bbox 117 3976 1365 4073; baseline 0.001 -17"><span class='ocrx_word' id='word_1_353' title='bbox 117 4013 155 4056; x_wconf 88' lang='lat' dir='ltr'>ac</span> <span class='ocrx_word' id='word_1_354' title='bbox 176 4011 232 4073; x_wconf 89' lang='lat' dir='ltr'>per</span> <span class='ocrx_word' id='word_1_355' title='bbox 254 3998 366 4073; x_wconf 88' lang='lat' dir='ltr'>tempus</span> <span class='ocrx_word' id='word_1_356' title='bbox 388 3995 576 4073; x_wconf 84' lang='lat' dir='ltr'>interruptos.</span> <span class='ocrx_word' id='word_1_357' title='bbox 621 4001 843 4057; x_wconf 73' lang='lat' dir='ltr'>totallamus</span> <span class='ocrx_word' id='word_1_358' title='bbox 864 4002 940 4059; x_wconf 78' lang='lat' dir='ltr'>Asc.</span> <span class='ocrx_word' id='word_1_359' title='bbox 972 3976 1106 4057; x_wconf 86' lang='lat' dir='ltr'>Perbona</span> <span class='ocrx_word' id='word_1_360' title='bbox 1129 3996 1298 4057; x_wconf 85' lang='lat' dir='ltr'>obseruatio</span> <span class='ocrx_word' id='word_1_361' title='bbox 1320 4000 1365 4057; x_wconf 85' lang='lat' dir='ltr'>at·</span> 
     </span>
     <span class='ocr_line' id='line_1_37' title="bbox 118 4075 1399 4186; baseline 0.002 -27"><span class='ocrx_word' id='word_1_362' title='bbox 118 4117 178 4182; x_wconf 84' lang='lat' dir='ltr'>qne</span> <span class='ocrx_word' id='word_1_363' title='bbox 201 4075 375 4174; x_wconf 79' lang='lat' dir='ltr'>emendatio,</span> <span class='ocrx_word' id='word_1_364' title='bbox 405 4101 584 4184; x_wconf 81' lang='lat' dir='ltr'>pateampae</span> <span class='ocrx_word' id='word_1_365' title='bbox 610 4117 664 4180; x_wconf 90' lang='lat' dir='ltr'>pro</span> <span class='ocrx_word' id='word_1_366' title='bbox 694 4119 887 4186; x_wconf 78' lang='lat' dir='ltr'>paucumque.</span> <span class='ocrx_word' id='word_1_367' title='bbox 934 4118 1118 4185; x_wconf 76' lang='lat' dir='ltr'>quocumque</span> <span class='ocrx_word' id='word_1_368' title='bbox 1145 4119 1198 4179; x_wconf 93' lang='lat' dir='ltr'>pro</span> <span class='ocrx_word' id='word_1_369' title='bbox 1221 4122 1366 4184; x_wconf 70' lang='lat' dir='ltr'>pataram·</span> <span class='ocrx_word' id='word_1_370' title='bbox 1397 4158 1399 4161; x_wconf 89' lang='lat'>.</span> 
     </span>
     <span class='ocr_line' id='line_1_38' title="bbox 120 4202 1365 4290; baseline -0.001 -24"><span class='ocrx_word' id='word_1_371' title='bbox 120 4204 323 4290; x_wconf 77' lang='lat' dir='ltr'>pare-partim,</span> <span class='ocrx_word' id='word_1_372' title='bbox 353 4206 385 4264; x_wconf 88' lang='lat' dir='ltr'>at</span> <span class='ocrx_word' id='word_1_373' title='bbox 406 4206 485 4264; x_wconf 89' lang='lat' dir='ltr'>recte</span> <span class='ocrx_word' id='word_1_374' title='bbox 507 4206 602 4265; x_wconf 89' lang='lat' dir='ltr'>monet</span> <span class='ocrx_word' id='word_1_375' title='bbox 625 4202 778 4284; x_wconf 83' lang='lat' dir='ltr'>Heinsius,</span> <span class='ocrx_word' id='word_1_376' title='bbox 802 4207 891 4265; x_wconf 90' lang='lat' dir='ltr'>adous</span> <span class='ocrx_word' id='word_1_377' title='bbox 913 4203 1045 4283; x_wconf 86' lang='lat' dir='ltr'>latinum,</span> <span class='ocrx_word' id='word_1_378' title='bbox 1074 4207 1177 4284; x_wconf 89' lang='lat' dir='ltr'>partim</span> <span class='ocrx_word' id='word_1_379' title='bbox 1201 4205 1365 4284; x_wconf 84' lang='lat' dir='ltr'>perturbat,</span> 
     </span>
     <span class='ocr_line' id='line_1_39' title="bbox 118 4307 1365 4395; baseline -0.002 -25"><span class='ocrx_word' id='word_1_380' title='bbox 118 4308 171 4370; x_wconf 85' lang='lat' dir='ltr'>vel</span> <span class='ocrx_word' id='word_1_381' title='bbox 195 4307 345 4368; x_wconf 86' lang='lat' dir='ltr'>obscuram</span> <span class='ocrx_word' id='word_1_382' title='bbox 369 4307 462 4368; x_wconf 89' lang='lat' dir='ltr'>reddit</span> <span class='ocrx_word' id='word_1_383' title='bbox 484 4308 664 4370; x_wconf 88' lang='lat' dir='ltr'>sententiam.</span> <span class='ocrx_word' id='word_1_384' title='bbox 698 4309 732 4372; x_wconf 87' lang='lat' dir='ltr'>Si</span> <span class='ocrx_word' id='word_1_385' title='bbox 754 4311 827 4370; x_wconf 89' lang='lat' dir='ltr'>eninr</span> <span class='ocrx_word' id='word_1_386' title='bbox 851 4330 1049 4395; x_wconf 80' lang='lat' dir='ltr'>puocampae,</span> <span class='ocrx_word' id='word_1_387' title='bbox 1073 4309 1125 4370; x_wconf 83' lang='lat' dir='ltr'>vix</span> <span class='ocrx_word' id='word_1_388' title='bbox 1146 4309 1276 4387; x_wconf 87' lang='lat' dir='ltr'>potoris,</span> <span class='ocrx_word' id='word_1_389' title='bbox 1299 4310 1365 4389; x_wconf 87' lang='lat' dir='ltr'>quin</span> 
     </span>
    </p>
   </div>
   <div class='ocr_carea' id='block_1_6' title="bbox 116 4410 1459 4493">
    <p class='ocr_par' dir='ltr' id='par_1_6' title="bbox 116 4410 1459 4493">
     <span class='ocr_line' id='line_1_40' title="bbox 116 4410 1459 4493; baseline -0.003 -16"><span class='ocrx_word' id='word_1_390' title='bbox 116 4432 235 4477; x_wconf 83' lang='lat' dir='ltr'>marem</span> <span class='ocrx_word' id='word_1_391' title='bbox 257 4410 405 4488; x_wconf 79' lang='lat' dir='ltr'>intelligas</span> <span class='ocrx_word' id='word_1_392' title='bbox 428 4429 558 4491; x_wconf 90' lang='lat' dir='ltr'>caprum,</span> <span class='ocrx_word' id='word_1_393' title='bbox 578 4412 724 4493; x_wconf 79' lang='lat' dir='ltr'>feminam</span> <span class='ocrx_word' id='word_1_394' title='bbox 745 4411 897 4492; x_wconf 86' lang='lat' dir='ltr'>capellam,</span> <span class='ocrx_word' id='word_1_395' title='bbox 922 4431 961 4474; x_wconf 85' lang='lat' dir='ltr'>ex</span> <span class='ocrx_word' id='word_1_396' title='bbox 982 4413 1237 4493; x_wconf 87' lang='lat' dir='ltr'>praecedentibus:</span> <span class='ocrx_word' id='word_1_397' title='bbox 1267 4416 1298 4475; x_wconf 91' lang='lat' dir='ltr'>ut</span> <span class='ocrx_word' id='word_1_398' title='bbox 1319 4415 1366 4473; x_wconf 89' lang='lat' dir='ltr'>in·</span> <span class='ocrx_word' id='word_1_399' title='bbox 1458 4439 1459 4442; x_wconf 39' lang='lat'>¹</span> 
     </span>
    </p>
   </div>
   <div class='ocr_carea' id='block_1_7' title="bbox 117 4513 1367 4600">
    <p class='ocr_par' dir='ltr' id='par_1_7' title="bbox 117 4513 1367 4600">
     <span class='ocr_line' id='line_1_41' title="bbox 117 4513 1367 4600; baseline -0.002 -17"><span class='ocrx_word' id='word_1_400' title='bbox 117 4516 234 4596; x_wconf 76' lang='lat' dir='ltr'>telligit</span> <span class='ocrx_word' id='word_1_401' title='bbox 255 4514 354 4578; x_wconf 80' lang='lat' dir='ltr'>Gloss.</span> <span class='ocrx_word' id='word_1_402' title='bbox 378 4515 417 4578; x_wconf 86' lang='lat' dir='ltr'>V.</span> <span class='ocrx_word' id='word_1_403' title='bbox 439 4514 463 4576; x_wconf 91' lang='grc' dir='ltr'>Ι.</span> <span class='ocrx_word' id='word_1_404' title='bbox 508 4516 553 4579; x_wconf 81' lang='lat' dir='ltr'>At</span> <span class='ocrx_word' id='word_1_405' title='bbox 575 4513 696 4579; x_wconf 81' lang='lat' dir='ltr'>Catonis</span> <span class='ocrx_word' id='word_1_406' title='bbox 722 4518 868 4579; x_wconf 86' lang='lat' dir='ltr'>sententia</span> <span class='ocrx_word' id='word_1_407' title='bbox 892 4521 956 4597; x_wconf 85' lang='lat' dir='ltr'>est,</span> <span class='ocrx_word' id='word_1_408' title='bbox 985 4519 1033 4600; x_wconf 82' lang='lat' dir='ltr'>qui</span> <span class='ocrx_word' id='word_1_409' title='bbox 1062 4519 1179 4597; x_wconf 87' lang='lat' dir='ltr'>praeter</span> <span class='ocrx_word' id='word_1_410' title='bbox 1206 4519 1315 4579; x_wconf 81' lang='lat' dir='ltr'>taurum</span> <span class='ocrx_word' id='word_1_411' title='bbox 1336 4519 1367 4580; x_wconf 86' lang='lat' dir='ltr'>et</span> 
     </span>
    </p>
   </div>
   <div class='ocr_carea' id='block_1_8' title="bbox 0 0 1490 4988">
    <p class='ocr_par' dir='ltr' id='par_1_8' title="bbox 0 0 1490 4988">
     <span class='ocr_line' id='line_1_42' title="bbox 0 0 1490 4988; baseline 0 0"><span class='ocrx_word' id='word_1_412' title='bbox 0 0 1490 4988; x_wconf 95' lang='lat' dir='ltr'> </span> 
     </span>
    </p>
   </div>
  </div>
 </body>
</html>
