2946 4988
564 150 840 219 disscordiae
863 151 918 216 lli.

280 374 286 380 ο
343 416 588 504 Veneto
625 413 836 504 Rosea
873 423 1031 503 ltili.
1065 413 1147 527 fol.

167 632 262 695 Hulns
283 631 432 708 notitiam,
455 635 486 695 et
506 629 582 712 qnod
605 629 653 689 diu
676 627 785 690 babere
807 646 930 705 mecum,
954 627 1041 709 inque
1068 629 1131 690 otio
1154 644 1283 689 versare
1305 629 1357 689 nti-

102 736 239 798 lissimum
261 735 363 796 librum
387 733 519 808 licuerit,
549 733 588 794 ll.
608 730 838 810 wyttenbachio
861 731 972 808 dobeo,
1003 749 1059 812 quo
1087 731 1278 792 concedente
1301 749 1358 793 ean

102 839 169 900 mibi
192 857 232 898 ex
253 834 432 898 bibliotheca
465 835 583 916 publica
610 836 801 910 Trevireusi,
835 836 879 897 cui
909 835 1068 916 acquisitos
1090 838 1139 895 est
1162 852 1244 895 annu
1272 838 1358 897 1823.

103 941 245 1003 industria
266 959 301 1002 ao
324 940 477 1017 diligentia
507 938 749 1018 Wyttenbacbli,
779 939 937 1000 transmisit
968 937 1054 998 Vitas
1083 935 1229 998 Loersius
1253 943 1359 999 noster.

102 1045 198 1107 Prima
221 1044 311 1105 editio
334 1062 373 1104 ex
395 1044 520 1121 nostris,
551 1062 624 1124 quae
647 1043 780 1104 Servium
806 1041 904 1103 babet.
956 1041 1136 1103 Exciderunt
1165 1041 1196 1100 in
1228 1040 1359 1120 exemplo

102 1148 276 1211 Trevlrensi
297 1149 388 1225 prima
412 1144 499 1222 iolla,
529 1146 650 1226 quibus,
681 1148 712 1207 nt
733 1164 771 1206 ex
794 1144 892 1205 addita
921 1144 951 1204 in
974 1145 1031 1205 line
1053 1144 1153 1222 operis
1175 1142 1298 1205 Tabula
1319 1144 1359 1205 in-

53 1324 65 1333 „
102 1249 262 1329 telligitur,
284 1247 325 1311 P.
355 1248 389 1312 V.
413 1249 563 1311 Maronis
586 1253 672 1325 uita,
705 1248 795 1325 longa
825 1248 873 1309 illa
902 1247 1105 1336 hauddubie,
1136 1265 1214 1329 qnae
1250 1247 1359 1310 Donato

102 1354 254 1426 tribuitur,
281 1341 316 1415 ‘et
343 1353 483 1414 Bucolica
505 1372 596 1434 usque
618 1353 653 1414 ad
677 1371 793 1414 nemum
818 1358 870 1413 36.
894 1352 1025 1428 llclogae
1047 1350 1100 1412 ΙΙΙ.
1125 1353 1359 1413 continebuntur.

104 1456 192 1518 Vitae
215 1457 374 1517 subtectam
398 1458 482 1518 etiarn
505 1458 596 1517 luisse
620 1456 718 1518 Servii
733 1456 944 1517 Praelationem
968 1457 997 1515 ln
1019 1453 1161 1517 Bucolica
1182 1456 1359 1534 putaverim,

102 1564 135 1620 ut
156 1563 204 1622 est
226 1560 358 1621 subiecta
386 1560 415 1620 in
445 1559 573 1621 editione
605 1558 779 1633 Visontina;
808 1559 861 1620 sed
894 1559 959 1637 ipsa
988 1558 1059 1620 Vita
1087 1575 1153 1619 num
1183 1561 1246 1619 tam
1275 1556 1361 1635 longa

101 1665 209 1741 fuerit,
232 1666 264 1726 ut
285 1664 379 1740 vulgo
402 1660 574 1739 exhibetur,
605 1663 741 1724 incertum
765 1666 821 1724 est.
867 1660 906 1724 Ut
929 1679 1003 1723 nuno
1025 1678 1060 1723 se
1082 1659 1174 1723 babet
1199 1661 1360 1741 exemplos

103 1765 302 1839 Trevlrense,
324 1765 422 1826 folium
445 1766 563 1845 primum
595 1765 694 1845 incipit
718 1765 849 1842 llurlugae
866 1763 921 1826 ΙΙΙ.
952 1781 1041 1826 versu
1064 1769 1118 1827 di.
1144 1763 1173 1825 F
1185 1770 1289 1846 apina
1303 1785 1360 1829 crs·

103 1869 199 1931 latam
227 1869 326 1931 diuini
356 1889 435 1951 opus
468 1868 703 1931 alcimedontis:
739 1871 769 1931 et
790 1869 891 1929 verbis
914 1867 1014 1930 Servii
1038 1866 1105 1929 bis:
1145 1869 1265 1932 Divisi
1286 1887 1359 1951 opus

101 1972 345 2035 Alcimedontis:
368 1972 442 2034 laus
465 1972 505 2034 ab
527 1972 672 2054 artifice:
696 1972 831 2035 Cicero:
862 1970 1019 2054 Polycleti
1040 1976 1099 2033 olo.
1146 1972 1254 2035 Servii
1284 1992 1359 2034 cunn-

102 2077 258 2137 mentarius
287 2076 314 2136 in
347 2076 541 2156 marginibus,
571 2079 602 2138 et
629 2075 758 2157 quidem,
793 2079 824 2138 ut
851 2074 917 2136 olim
946 2093 1009 2137 mos
1037 2076 1107 2152 tuit,
1133 2093 1193 2137 uon
1219 2073 1312 2138 solum
1333 2077 1359 2136 in

103 2179 234 2255 margine
256 2175 409 2258 inoleriore,
438 2179 490 2240 sed
514 2180 600 2241 etiam
623 2179 651 2239 lu
674 2180 844 2258 superiore,
867 2181 905 2241 et'
920 2179 1077 2240 exteriore.
1123 2177 1204 2240 Sunt
1227 2180 1358 2243 ethan

103 2279 249 2358 llulogis,
272 2280 447 2360 Georgicis,
481 2282 571 2362 primo
594 2281 670 2343 libro
694 2282 859 2359 Aeneidos,
882 2286 912 2344 et
935 2281 1053 2342 secundi
1077 2282 1159 2343 initio
1183 2282 1358 2359 glossaaet

104 2383 216 2446 scholia
238 2398 256 2446 a
278 2403 359 2446 manu
381 2387 484 2465 partim
507 2386 581 2447 inter
600 2403 705 2447 versus
723 2387 851 2462 inserta,
869 2387 970 2466 partim
993 2386 1022 2446 iu
1044 2386 1178 2462 margine
1202 2388 1356 2467 adscripta,

103 2487 155 2548 sed
180 2488 285 2569 nullius
307 2489 403 2568 pretii.
449 2488 557 2549 linitur
579 2489 729 2550 Aeneidos
750 2488 827 2550 liber
849 2481 917 2549 ΧΠ.
940 2489 968 2549 in
992 2487 1062 2549 lolio
1085 2492 1187 2569 recto;
1213 2509 1289 2573 quoae
1310 2509 1355 2550 se-

105 2591 200 2672 qnitur
222 2592 349 2670 pagina,
373 2610 466 2653 vacua
491 2587 596 2655 reliola'
615 2595 686 2655 esta
709 2594 809 2672 incipit
832 2611 910 2654 novo
933 2591 1003 2654 iolio
1025 2592 1100 2653 liber
1123 2592 1355 2673 blapbeiVegii,

103 2694 168 2755 sine
190 2696 312 2757 nornine.
358 2694 479 2776 lllapbei
508 2695 609 2756 librum
633 2697 729 2757 statim
752 2697 901 2775 excipiunt
923 2697 1006 2757 varia
1029 2697 1154 2758 carmina
1176 2699 1310 2776 minora,
1329 2699 1356 2758 cl

1 2813 18 2852 ι’
104 2796 254 2889 ρρησοιιΙα
277 2798 410 2877 Virgilii.
454 2799 559 2862 Ultimo
583 2799 648 2861 loco
671 2800 834 2876 Moratum,
864 2800 910 2861 cul
932 2801 1064 2861 subiecta
1086 2799 1230 2877 leguntur
1252 2800 1337 2862 baeu:

24 2906 130 2995 1„ss,
152 2924 181 2993 'p
342 2901 443 2983 Omnia
466 2903 539 2964 llaec
561 2903 740 2965 Volumina:
769 2903 839 2985 Quae
862 2903 1010 2980 Virgilius
1033 2902 1119 2963 lilaro

167 3004 170 3009 ’
341 3005 436 3066 Vates
466 3005 716 3069 Eminentissiorns
752 3005 923 3086 Composuit
951 3008 1018 3069 Vna
1047 3003 1119 3068 Gom

342 3107 440 3169 Seruii
463 3109 604 3170 llonorati
627 3109 808 3171 Grammatlci
834 3108 1053 3172 Commentariis
1070 3108 1119 3171 Ac

342 3211 480 3274 Eiusdem
499 3212 599 3274 Poetae
617 3212 687 3274 Vita
702 3213 779 3275 lllira
797 3213 923 3295 Quadam
938 3216 1013 3275 Arte
1024 3212 1121 3289 Aclii

341 3312 465 3393 ligentla
487 3314 634 3394 lnrpressa
656 3315 733 3379 Sunt
755 3317 889 3380 Venetlls
911 3317 970 3379 Per
984 3316 1119 3378 lacobum

340 3417 473 3481 Rnbeunr
508 3419 634 3481 Natione
673 3419 823 3482 Gallicum.
876 3420 976 3509 Anno..
1002 3420 1126 3482 Domini·

430 3522 485 3583 .lil.
500 3519 616 3586 0000.
632 3521 757 3587 dxxv.
779 3523 880 3585 obrute
896 3523 1030 3595 ianuarii.

341 3625 431 3688 Petro
462 3625 623 3705 Monanigu
654 3625 770 3706 Inclyto
807 3628 890 3690 Duce
920 3628 1116 3690 Venetiarum.

168 3725 357 3791 Utilissimum
385 3727 486 3791 librum
517 3729 593 3806 dixi,
624 3748 680 3792 non
704 3731 779 3813 quod
802 3731 916 3794 mollum
938 3751 991 3793 sua
1013 3733 1194 3812 praestantia
1216 3735 1353 3807 excellat,

106 3830 157 3894 sed
181 3831 256 3914 qnod
280 3831 362 3893 aliam
384 3833 537 3893 editionem
559 3834 748 3915 antiquiorem
775 3838 849 3898 satis
878 3835 1001 3897 fideliter
1022 3837 1214 3914 expressisse
1235 3838 1355 3902 Rubens

100 3934 241 4018 ¹ridetur,
264 3937 294 3996 ot
317 3935 391 4016 qnod
415 3935 473 3996 dux
498 3938 580 4018 qrrasl
603 3941 688 4018 atquae
710 3939 920 4016 antesignanus
940 3938 1085 4001 multarum
1106 3937 1227 4002 aliarum
1250 3943 1354 4005 editio-

103 4056 168 4098 num
190 4039 286 4099 iactus
309 4040 365 4098 est.
410 4038 490 4101 Nlbil
514 4038 667 4100 inVeneta
689 4040 786 4102 Rubei
810 4046 951 4103 externae
974 4044 1102 4122 speciei,
1126 4060 1183 4124 quo
1206 4062 1240 4106 sc
1264 4044 1355 4107 vebs·

102 4145 213 4204 menter
235 4141 427 4220 commendet,
457 4161 549 4224 noque
577 4145 671 4206 virtus
694 4146 805 4206 interna
828 4147 952 4207 cernitur
983 4147 1137 4219 eiusmodi,
1166 4153 1200 4210 ut
1234 4149 1356 4225 gravius

103 4247 252 4326 quicquam
275 4246 434 4306 mutavisse
451 4244 582 4307 Rubeuru
606 4247 695 4308 dicas.
741 4249 821 4311 Villa
844 4267 915 4311 sane
938 4268 1015 4312 nova
1037 4247 1141 4326 babet,
1165 4269 1241 4332 quae
1266 4269 1356 4334 nequo

104 4348 134 4409 in
156 4347 311 4427 Romanis,
335 4366 428 4430 neque
451 4347 480 4409 in
503 4347 552 4410 illa
575 4352 619 4412 tot
640 4350 706 4411 aliis
729 4352 811 4415 uitiis
833 4352 980 4435 inquinata
997 4352 1112 4414 Veneta
1136 4352 1245 4417 belrai.
1272 4373 1356 4436 repe-

103 4451 224 4514 riuntur.
256 4453 386 4516 aduersi
415 4452 477 4514 Dir.
503 4460 554 4517 68.
579 4454 626 4516 ubi
650 4452 717 4517 illae
740 4455 853 4536 priores
876 4459 956 4519 recte
978 4458 1137 4521 aduersis.
1183 4458 1306 4523 diutius
1329 4479 1355 4520 v.
