2948 4986
234 201 240 219 =
365 173 408 238 ln
430 172 599 240 venditu
621 173 960 242 omnisciens.
994 181 998 188 ’
1060 237 1069 243 ,4
1232 182 1284 254 81
1322 251 1336 278 ·

45 348 171 412 arbores
193 350 226 411 et
248 352 385 428 segetes:
415 368 477 431 upra
502 349 629 412 torrido
654 352 741 412 44144
769 348 935 429 Volcania,
964 348 1138 416 44414014.
1180 349 1285 414 Possis

48 454 127 515 otium
150 454 214 531 sic,
236 471 292 514 non
314 470 419 530 magno
441 453 604 514 sententiae
624 453 802 514 discrimine:
840 449 1020 518 Pcocactur
1040 465 1160 537 repetes
1182 455 1284 540 diffu-

50 561 92 620 414
113 556 260 639 19414444
283 574 364 619 aura
390 556 590 634 1444444144,
614 546 672 619 cto.
717 555 777 619 Sed
804 559 936 637 prodiero
965 557 1045 620 11144.
1088 555 1146 621 lum
1167 558 1211 620 sic
1231 576 1301 622 oca

53 665 146 740 ceptus
167 659 253 721 locus
274 678 307 720 rc
328 677 400 720 vern
422 659 523 721 simiiis
544 664 631 743 etque
652 660 783 738 geminus
804 660 859 723 erit
880 659 945 742 ioco
968 659 1077 725 Culicis
1103 656 1172 725 1111.
1202 679 1283 745 quem

55 765 89 827 iis
106 768 200 827 teniat
219 761 387 827 Gronovius
409 762 499 825 Obss.
522 763 542 824 1.
565 763 586 824 i.
609 765 805 829 emendatione
827 763 1010 845 pereleganti
1016 784 1026 851 5

10 930 14 937 ,
259 869 387 949 Appetr't
408 872 509 930 cereto
531 867 709 946 coniungere
730 867 878 931 4444441444
901 880 1023 932 cetrae

10 996 13 1065 ἶ
60 971 216 1055 Quemquam
245 969 287 1032 ibi
316 968 450 1032 librorum
471 972 653 1036 summitate
673 968 806 1034 Tbunnei
832 989 882 1051 op.
911 972 1065 1050 Vossinnr,
1096 970 1283 1058 Augustnni,
1363 1014 1367 1025 ι

10 1070 15 1099 ’
62 1074 182 1136 iussioni
205 1079 257 1136 81.
294 1073 689 1152 basticensis‚·Venetnrum
711 1072 818 1136 441444.
840 1073 1014 1136 14441444.
1037 1078 1069 1136 et
1089 1074 1281 1144 Mutinensis,

61 1182 131 1240 tutum
152 1177 476 1259 41441444444149444,
504 1177 589 1239 modo
618 1176 767 1261 4444144444
793 1177 887 1249 ionem
908 1175 1054 1255 Scaligeri
1078 1177 1281 1242 correctionem

60 1282 170 1345 4411444
192 1299 245 1361 pro
266 1281 426 1344 montibus.
459 1281 605 1344 Arborum
626 1279 818 1360 oppeiintione
840 1278 914 1344 0444
936 1265 1073 1359 arbores,
1094 1281 1123 1343 in
1144 1279 1221 1343 siivo
1235 1280 1282 1344 -il-

61 1383 606 1464 4444404414444414444411444
632 1384 731 1445 414414
761 1382 985 1463 comprehendit.
1028 1382 1199 1464 Aptissime.
1242 1381 1282 1449 Ui

61 1490 117 1551 enim
137 1506 196 1551 non
223 1505 277 1567 pro
307 1488 386 1549 veris
412 1474 566 1548 arboribus
593 1486 672 1548 vites
691 1485 832 1568 babuerit
853 1484 943 1564 Coto,
976 1487 1070 1567 potuit
1096 1491 1188 1550 144444
1216 1485 1283 1551 iiius

61 1577 191 1655 mnernre
214 1597 289 1654 inter
309 1591 430 1653 arbores
452 1589 507 1660 boc
529 1589 610 1664 ioco,
624 1590 681 1665 nbi
703 1608 799 1668 genus
820 1591 974 1670 opponitur
994 1591 1113 1672 generi:
1135 1589 1282 1672 arboreo,

29 1750 31 1756 .
60 1695 208 1776 quibuscum
235 1693 301 1756 boc.
319 1711 462 1758 commune
484 1699 531 1754 est
553 1693 679 1768 vitibus,
703 1693 780 1776 qood
809 1692 892 1771 tigno
918 1694 1043 1775 iaciunt,
1072 1698 1185 1777 capeti,
1214 1698 1282 1759 urt-

59 1805 112 1863 444.
157 1798 217 1860 Sed
240 1799 332 1859 inisse
354 1799 436 1858 etism
459 1801 576 1859 natnroe
597 1798 708 1876 peritos
735 1796 853 1870 multos,
880 1797 929 1879 qui
957 1798 1035 1871 uites
1064 1798 1138 1861 iuter
1160 1797 1281 1860 urborcs

59 1906 238 1980 numerarent,
262 1903 346 1963 testis
368 1905 415 1962 est
437 1900 559 1961 Plinius.
591 1899 709 1975 Monoi,
732 1917 767 1961 nc
789 1901 950 1983 quisiorte
972 1899 1008 1963 dc
1028 1900 1197 1982 arboribus,
1214 1901 1281 1984 qui-

58 2004 267 2067 normannos
289 2009 357 2066 noto
379 2022 456 2066 more
477 2005 572 2080 vites,
602 2005 726 2080 cogitet.
769 2002 835 2065 Non
857 2002 931 2086 qood
953 2021 1057 2082 negem
1078 2005 1170 2067 inisse
1193 2005 1281 2067 viue-

59 2115 99 2170 tun
120 2109 245 2174 Catonis
266 2127 301 2170 eo
324 2127 401 2170 more
423 2110 597 2186 institutum,
619 2108 671 2169 sed
693 2107 788 2170 411444
807 2109 845 2169 ab
867 2107 1056 2172 nostroincn
1073 2107 1170 2170 1444444
1191 2107 1280 2171 arbo·

10 2230 17 2337 Ῑ
59 2230 100 2274 run
126 2212 323 2275 4444414444.
442 2212 575 2294 Denique
602 2203 683 2275 curo
709 2229 765 2274 non
796 2200 927 2290 4444444,
961 2211 1014 2285 444
1041 2200 1169 2293 spiritum
1197 2210 1288 2295 qnasi

10 2340 16 2421 ἰ
59 2314 185 2391 dummoc,
209 2316 257 2377 vei
280 2315 412 2377 4144444444
434 2318 542 2395 ipsam,
565 2333 646 2396 quom
670 2333 708 2376 ex
730 2316 806 2376 silvo
829 2315 968 2397 vineoque
989 2316 1158 2393 insegetes
1179 2315 1281 2392 dirigit

10 2421 128 2503 rique
149 2419 296 2498 competh
318 2423 437 2492 ventus,
463 2419 619 2500 significet
662 2418 757 2482 Docto
784 2423 831 2482 ost
851 2416 908 2480 huc
934 2417 971 2479 dc
997 2434 1072 2480 voce
1093 2415 1280 2481 Wakefieidii

10 2518 19 2607 4
59 2521 279 2600 discretim,
307 2524 366 2584 tum
393 2521 482 2600 aiibi,
509 2527 566 2585 tum
587 2521 623 2583 nd
651 2519 703 2582 tib.
726 2520 780 2585 Vi
803 2525 876 2583 220
904 2540 934 2601 p.
957 2524 1031 2582 2oi.
1058 2539 1104 2602 sq.
1132 2518 1279 2584 voille

10 2624 100 2693 ;44.
110 2624 218 2702 Giusg.
241 2625 408 2706 disputatio

14 2744 17 2749 ’
105 2729 210 2790 Veram
232 2730 399 2808 scriptoram
428 2728 693 2810 distinctionemque
722 2727 842 2792 exhibet
871 2728 955 2790 etium
976 2687 1124 2790 Amoidus
1153 2677 1220 2810 sup.
1241 2726 1279 2790 44

14 2828 85 2892 ·4.
102 2838 151 2894 11.
173 2832 222 2894 4141
245 2834 355 2913 proiert
377 2831 451 2893 bunc
472 2832 583 2912 iocum3
605 2836 636 2895 et
653 2831 882 2911 Wernsdoriins,
904 2831 957 2893 sed
979 2830 1029 2894 bic
1051 2849 1137 2912 cusu,
1158 2829 1208 2893 vci
1230 2831 1279 2893 in-

12 2962 15 2967 ·
59 2935 142 2996 ritus:
165 2955 227 2997 nam
250 2937 314 3016 ipse
336 2939 526 2999 coniecturum
549 2936 653 3017 probat
673 2936 787 2997 Heinsii
809 2955 907 2999 aurae
933 2935 1117 2999 1444444141
1122 2978 1134 3014 ,
1158 2935 1279 3000 arbori-

10 3102 14 3121 :
56 3035 99 3101 444
120 3042 285 3120 mutescat
305 3051 335 3102 et
356 3042 450 3103 ordor
471 3046 604 3104 aristas.
648 3040 787 3101 Heinsius
809 3039 893 3102 441444
922 3041 983 3100 sic:
1014 3037 1136 3102 scutras
1162 3038 1280 3103 urano·

10 3168 16 3227 g
55 3142 122 3206 notet
143 3143 302 3206 arboreae.
325 3149 356 3206 ct
376 3143 432 3206 aiio
454 3148 600 3224 tempore:
630 3146 792 3225 coniunpai
814 3153 845 3205 44
865 3141 967 3206 arbom·
987 3145 1138 3206 4414444.
1163 3141 1278 3206 Wake-

55 3241 237 3307 441414441.
273 3247 451 3310 Pascuntur
479 3258 616 3329 repetem
650 3246 781 3331 differis
810 3244 948 3327 oportun,
971 3265 1050 3308 aura
1075 3244 1277 3323 1144444444,

10 3324 14 3401 ἶ
54 3348 202 3412 arboribus
224 3353 387 3430 4441444944
408 3353 440 3411 44
461 3351 555 3413 ardor
576 3355 708 3413 aristas
730 3359 764 3411 44
784 3365 838 3429 pro
859 3356 907 3426 44,
936 3348 1116 3428 approbante
1137 3346 1276 3411 01414444-

10 3428 13 3556 4
54 3449 101 3512 dio.
128 3452 202 3515 Mihi
225 3471 277 3532 per
298 3452 426 3532 copuioun
444 3455 524 3515 44444
547 3454 722 3530 sententias,
739 3456 776 3513 et
796 3449 952 3532 simplicius
970 3452 1060 3513 visum
1079 3454 1143 3527 ost,
1165 3456 1196 3512 et
1214 3468 1276 3511 nm-

10 3555 93 3645 :gis
112 3558 263 3636 poeticum.
350 3556 396 3618 114
417 3554 562 3637 partiouia
577 3564 607 3619 et
629 3557 713 3618 tertio
736 3554 800 3617 ioco
821 3556 918 3637 positu
935 3553 1154 3636 disputationem
1174 3555 1274 3618 reiicio

10 3674 12 3681 ·
55 3657 252 3722 1411144111.

105 3864 143 3928 V.
167 3870 219 3928 45.
263 3879 415 3936 edesion
433 3880 688 3948 0040081008
706 3880 855 3947 meudun
873 3879 941 3934 EST
958 3878 1061 3933 imin
1079 3877 1252 3935 AGELLOS.

10 4000 12 4007 ·
106 3971 233 4033 Portica
256 3965 346 4054 punc]
382 3971 506 4033 Portica
529 3993 600 4056 qua.
644 3971 682 4034 114
702 3973 743 4032 ito
763 3968 915 4032 4444441144
937 3967 1088 4032 editiones·
1131 3969 1273 4050 Portica,

10 4140 13 4147 Ι
58 4065 226 4152 Propertium
256 4073 437 4138 Abstulerat
464 4077 594 4137 44144444
614 4055 735 4158 pertica
755 4077 857 4138 tristis
884 4092 968 4157 opes.
1011 4069 1044 4134 in
1066 4070 1164 4149 14404,
1193 4076 1224 4134 44
1246 4076 1276 4135 44

10 4204 13 4257 i
58 4176 123 4248 pueri
143 4177 254 4255 sciunt,
275 4176 396 4255 perticis
417 4176 573 4259 antiquitus
595 4177 773 4240 metabuntur
787 4194 892 4255 egros:
915 4175 1036 4237 Borbnri
1052 4193 1123 4238 vero
1142 4175 1273 4238 ionibus·

10 4262 13 4372 ᾗ
59 4277 189 4341 4144414
211 4280 304 4341 sacris
330 4278 442 4356 itteris,
471 4283 501 4341 et
522 4278 596 4360 apud
619 4279 805 4342 Herodotum.
836 4281 911 4342 unde
940 4277 1073 4360 σχοινίῳ
1102 4275 1273 4358 μετρῆσαι.

59 4367 149 4442 iuteo
168 4381 244 4444 bunc
264 4383 359 4444 ionem
381 4382 464 4444 441444
487 4380 624 4445 Romanis
645 4383 852 4465 aruipendtrmr
878 4384 1048 4444 nominatum
1068 4383 1196 4444 invenio.
1239 4381 1273 4444 ln

10 4460 136 4569 {reteri
156 4483 308 4559 Glossario
330 4486 499 4566 exponitur,
522 4486 654 4561 σχοῖνος
674 4479 904 4564 γεωμετρικός
934 4483 1028 4570 04444
1050 4484 1270 4568 4444414041-

13 4638 17 4663 ÷
95 4599 414 4655 Veterensem·
1042 4593 1069 4660 6
