<?xml version="1.0" encoding="UTF-8"?>
<!DOCTYPE html PUBLIC "-//W3C//DTD XHTML 1.0 Transitional//EN"
    "http://www.w3.org/TR/xhtml1/DTD/xhtml1-transitional.dtd">
<html xmlns="http://www.w3.org/1999/xhtml" xml:lang="en" lang="en">
 <head>
  <title>
</title>
<meta http-equiv="Content-Type" content="text/html;charset=utf-8" />
  <meta name='ocr-system' content='tesseract 3.04.00' />
  <meta name='ocr-capabilities' content='ocr_page ocr_carea ocr_par ocr_line ocrx_word'/>
</head>
<body>
  <div class='ocr_page' id='page_1' title='image "./carminavaleriic00catogoog_0324.png"; bbox 0 0 2948 4986; ppageno 0'>
   <div class='ocr_carea' id='block_1_1' title="bbox 444 148 1345 269">
    <p class='ocr_par' dir='ltr' id='par_1_1' title="bbox 444 148 1345 269">
     <span class='ocr_line' id='line_1_1' title="bbox 444 148 1345 269; baseline -0.002 -24"><span class='ocrx_word' id='word_1_1' title='bbox 444 148 451 179; x_wconf 75' lang='grc'><strong>“’</strong></span> <span class='ocrx_word' id='word_1_2' title='bbox 483 181 538 245; x_wconf 90' lang='lat' dir='ltr'><strong>nn</strong></span> <span class='ocrx_word' id='word_1_3' title='bbox 561 179 680 246; x_wconf 83' lang='lat' dir='ltr'><strong>consu</strong></span> <span class='ocrx_word' id='word_1_4' title='bbox 702 179 958 269; x_wconf 73' lang='lat' dir='ltr'><strong>coruncano.</strong></span> <span class='ocrx_word' id='word_1_5' title='bbox 1266 188 1345 259; x_wconf 69' lang='lat'><strong>307</strong></span> 
     </span>
    </p>
   </div>
   <div class='ocr_carea' id='block_1_2' title="bbox 89 336 1344 4482">
    <p class='ocr_par' dir='ltr' id='par_1_2' title="bbox 101 336 1344 748">
     <span class='ocr_line' id='line_1_2' title="bbox 104 336 1344 438; baseline -0.001 -20"><span class='ocrx_word' id='word_1_6' title='bbox 104 375 158 419; x_wconf 91' lang='lat' dir='ltr'><strong>non</strong></span> <span class='ocrx_word' id='word_1_7' title='bbox 192 356 312 418; x_wconf 87' lang='lat' dir='ltr'><strong>timebat</strong></span> <span class='ocrx_word' id='word_1_8' title='bbox 341 336 486 434; x_wconf 82' lang='lat' dir='ltr'><strong>Virgilius</strong></span> <span class='ocrx_word' id='word_1_9' title='bbox 507 356 528 417; x_wconf 99' lang='grc' dir='ltr'><strong>Ι.</strong></span> <span class='ocrx_word' id='word_1_10' title='bbox 551 356 571 418; x_wconf 91' lang='grc' dir='ltr'><strong>Ι.</strong></span> <span class='ocrx_word' id='word_1_11' title='bbox 596 355 707 432; x_wconf 85' lang='lat' dir='ltr'><strong>Georg.</strong></span> <span class='ocrx_word' id='word_1_12' title='bbox 730 353 755 417; x_wconf 95' lang='lat' dir='ltr'><strong>l.</strong></span> <span class='ocrx_word' id='word_1_13' title='bbox 779 359 853 418; x_wconf 77' lang='lat'><strong>343.</strong></span> <span class='ocrx_word' id='word_1_14' title='bbox 878 361 907 418; x_wconf 76' lang='lat' dir='ltr'><strong>l.</strong></span> <span class='ocrx_word' id='word_1_15' title='bbox 940 373 978 418; x_wconf 89' lang='lat' dir='ltr'><strong>nc</strong></span> <span class='ocrx_word' id='word_1_16' title='bbox 1007 355 1072 438; x_wconf 89' lang='lat' dir='ltr'><strong>quis</strong></span> <span class='ocrx_word' id='word_1_17' title='bbox 1105 355 1166 419; x_wconf 77' lang='lat' dir='ltr'><strong>Oui</strong></span> <span class='ocrx_word' id='word_1_18' title='bbox 1186 355 1222 417; x_wconf 94' lang='lat' dir='ltr'><strong>ad</strong></span> <span class='ocrx_word' id='word_1_19' title='bbox 1246 374 1344 418; x_wconf 79' lang='lat' dir='ltr'><strong>nooren</strong></span> 
     </span>
     <span class='ocr_line' id='line_1_3' title="bbox 102 457 1344 541; baseline -0.002 -19"><span class='ocrx_word' id='word_1_20' title='bbox 102 462 234 541; x_wconf 77' lang='lat' dir='ltr'><strong>proxime</strong></span> <span class='ocrx_word' id='word_1_21' title='bbox 256 458 434 539; x_wconf 86' lang='lat' dir='ltr'><strong>praecedens</strong></span> <span class='ocrx_word' id='word_1_22' title='bbox 454 459 551 540; x_wconf 75' lang='lat' dir='ltr'><strong>probeo</strong></span> <span class='ocrx_word' id='word_1_23' title='bbox 574 460 706 520; x_wconf 82' lang='lat' dir='ltr'><strong>referret.</strong></span> <span class='ocrx_word' id='word_1_24' title='bbox 750 457 891 538; x_wconf 78' lang='lat' dir='ltr'><strong>ltesplclo</strong></span> <span class='ocrx_word' id='word_1_25' title='bbox 912 457 986 521; x_wconf 89' lang='lat' dir='ltr'><strong>baec</strong></span> <span class='ocrx_word' id='word_1_26' title='bbox 1007 459 1140 521; x_wconf 86' lang='lat' dir='ltr'><strong>scribens</strong></span> <span class='ocrx_word' id='word_1_27' title='bbox 1157 460 1344 522; x_wconf 87' lang='lat' dir='ltr'><strong>severitatem</strong></span> 
     </span>
     <span class='ocr_line' id='line_1_4' title="bbox 102 561 1344 645; baseline -0.001 -19"><span class='ocrx_word' id='word_1_28' title='bbox 102 564 228 626; x_wconf 79' lang='lat' dir='ltr'><strong>Bentleii</strong></span> <span class='ocrx_word' id='word_1_29' title='bbox 251 564 280 624; x_wconf 96' lang='lat' dir='ltr'><strong>in</strong></span> <span class='ocrx_word' id='word_1_30' title='bbox 303 562 368 635; x_wconf 92' lang='lat' dir='ltr'><strong>illo,</strong></span> <span class='ocrx_word' id='word_1_31' title='bbox 400 563 447 623; x_wconf 88' lang='lat' dir='ltr'><strong>cci·</strong></span> <span class='ocrx_word' id='word_1_32' title='bbox 478 561 591 621; x_wconf 91' lang='lat' dir='ltr'><strong>omnlno</strong></span> <span class='ocrx_word' id='word_1_33' title='bbox 620 580 708 641; x_wconf 90' lang='lat' dir='ltr'><strong>supra</strong></span> <span class='ocrx_word' id='word_1_34' title='bbox 728 562 838 623; x_wconf 91' lang='lat' dir='ltr'><strong>modum</strong></span> <span class='ocrx_word' id='word_1_35' title='bbox 860 580 990 624; x_wconf 83' lang='lat' dir='ltr'><strong>severas</strong></span> <span class='ocrx_word' id='word_1_36' title='bbox 1006 562 1094 641; x_wconf 82' lang='lat' dir='ltr'><strong>leges</strong></span> <span class='ocrx_word' id='word_1_37' title='bbox 1114 565 1250 645; x_wconf 77' lang='lat' dir='ltr'><strong>scripsit,</strong></span> <span class='ocrx_word' id='word_1_38' title='bbox 1274 563 1344 625; x_wconf 83' lang='lat' dir='ltr'><strong>lila-</strong></span> 
     </span>
     <span class='ocr_line' id='line_1_5' title="bbox 101 665 569 748; baseline -0.013 -18"><span class='ocrx_word' id='word_1_39' title='bbox 101 667 179 730; x_wconf 90' lang='lat' dir='ltr'><strong>nilio.</strong></span> <span class='ocrx_word' id='word_1_40' title='bbox 227 666 266 730; x_wconf 89' lang='lat' dir='ltr'><strong>Ut</strong></span> <span class='ocrx_word' id='word_1_41' title='bbox 288 685 370 748; x_wconf 92' lang='lat' dir='ltr'><strong>quum</strong></span> <span class='ocrx_word' id='word_1_42' title='bbox 393 665 418 726; x_wconf 91' lang='lat' dir='ltr'><strong>l.</strong></span> <span class='ocrx_word' id='word_1_43' title='bbox 441 668 515 725; x_wconf 73' lang='lat'><strong>445.</strong></span> <span class='ocrx_word' id='word_1_44' title='bbox 540 669 569 724; x_wconf 85' lang='lat'><strong>6.</strong></span> 
     </span>
    </p>

    <p class='ocr_par' dir='ltr' id='par_1_3' title="bbox 279 769 1029 850">
     <span class='ocr_line' id='line_1_6' title="bbox 279 769 1029 850; baseline 0.003 -19"><span class='ocrx_word' id='word_1_45' title='bbox 279 771 352 832; x_wconf 74' lang='lat' dir='ltr'><strong>Tum</strong></span> <span class='ocrx_word' id='word_1_46' title='bbox 374 772 475 831; x_wconf 82' lang='lat' dir='ltr'><strong>notius</strong></span> <span class='ocrx_word' id='word_1_47' title='bbox 496 771 599 850; x_wconf 75' lang='lat' dir='ltr'><strong>piscia</strong></span> <span class='ocrx_word' id='word_1_48' title='bbox 618 771 705 830; x_wconf 82' lang='lat' dir='ltr'><strong>venti</strong></span> <span class='ocrx_word' id='word_1_49' title='bbox 732 769 906 832; x_wconf 79' lang='lat' dir='ltr'><strong>denomino</strong></span> <span class='ocrx_word' id='word_1_50' title='bbox 927 771 1029 834; x_wconf 84' lang='lat' dir='ltr'><strong>dietus</strong></span> 
     </span>
    </p>

    <p class='ocr_par' dir='ltr' id='par_1_4' title="bbox 98 873 1344 1462">
     <span class='ocr_line' id='line_1_7' title="bbox 275 873 1150 956; baseline -0.002 -20"><span class='ocrx_word' id='word_1_51' title='bbox 275 875 428 954; x_wconf 74' lang='lat' dir='ltr'><strong>Exsurgit</strong></span> <span class='ocrx_word' id='word_1_52' title='bbox 451 875 489 935; x_wconf 90' lang='lat' dir='ltr'><strong>de</strong></span> <span class='ocrx_word' id='word_1_53' title='bbox 509 883 600 956; x_wconf 83' lang='lat' dir='ltr'><strong>parte</strong></span> <span class='ocrx_word' id='word_1_54' title='bbox 621 875 707 951; x_wconf 80' lang='lat' dir='ltr'><strong>noti,·</strong></span> <span class='ocrx_word' id='word_1_55' title='bbox 735 873 780 932; x_wconf 92' lang='lat' dir='ltr'><strong>cul</strong></span> <span class='ocrx_word' id='word_1_56' title='bbox 802 877 907 935; x_wconf 79' lang='lat' dir='ltr'><strong>iuncta</strong></span> <span class='ocrx_word' id='word_1_57' title='bbox 927 875 1070 955; x_wconf 74' lang='lat' dir='ltr'><strong>fmnatnr</strong></span> <span class='ocrx_word' id='word_1_58' title='bbox 1091 877 1150 938; x_wconf 89' lang='lat' dir='ltr'><strong>etc.</strong></span> 
     </span>
     <span class='ocr_line' id='line_1_8' title="bbox 100 976 1344 1061; baseline 0.002 -22"><span class='ocrx_word' id='word_1_59' title='bbox 100 980 151 1039; x_wconf 85' lang='lat' dir='ltr'><strong>cui</strong></span> <span class='ocrx_word' id='word_1_60' title='bbox 174 983 256 1038; x_wconf 83' lang='lat' dir='ltr'><strong>recle</strong></span> <span class='ocrx_word' id='word_1_61' title='bbox 279 976 386 1038; x_wconf 87' lang='lat' dir='ltr'><strong>babere</strong></span> <span class='ocrx_word' id='word_1_62' title='bbox 408 983 516 1054; x_wconf 89' lang='lat' dir='ltr'><strong>negat,</strong></span> <span class='ocrx_word' id='word_1_63' title='bbox 539 976 788 1052; x_wconf 77' lang='lat' dir='ltr'><strong>argumentatione</strong></span> <span class='ocrx_word' id='word_1_64' title='bbox 816 976 889 1039; x_wconf 82' lang='lat' dir='ltr'><strong>tali:</strong></span> <span class='ocrx_word' id='word_1_65' title='bbox 915 983 1103 1048; x_wconf 38' lang='lat' dir='ltr'><strong>,constructio</strong></span> <span class='ocrx_word' id='word_1_66' title='bbox 1132 982 1207 1041; x_wconf 83' lang='lat' dir='ltr'><strong>enim</strong></span> <span class='ocrx_word' id='word_1_67' title='bbox 1232 989 1344 1061; x_wconf 86' lang='lat' dir='ltr'><strong>posta-</strong></span> 
     </span>
     <span class='ocr_line' id='line_1_9' title="bbox 99 1079 1343 1164; baseline 0 -22"><span class='ocrx_word' id='word_1_68' title='bbox 99 1080 199 1157; x_wconf 79' lang='lat' dir='ltr'><strong>luret,</strong></span> <span class='ocrx_word' id='word_1_69' title='bbox 224 1099 279 1140; x_wconf 90' lang='lat' dir='ltr'><strong>non</strong></span> <span class='ocrx_word' id='word_1_70' title='bbox 301 1083 352 1142; x_wconf 87' lang='lat' dir='ltr'><strong>oui</strong></span> <span class='ocrx_word' id='word_1_71' title='bbox 372 1083 457 1161; x_wconf 80' lang='lat' dir='ltr'><strong>picci</strong></span> <span class='ocrx_word' id='word_1_72' title='bbox 468 1126 476 1153; x_wconf 93' lang='lat'><strong>,</strong></span> <span class='ocrx_word' id='word_1_73' title='bbox 500 1080 560 1142; x_wconf 85' lang='lat' dir='ltr'><strong>aed</strong></span> <span class='ocrx_word' id='word_1_74' title='bbox 580 1080 625 1141; x_wconf 90' lang='lat' dir='ltr'><strong>cui</strong></span> <span class='ocrx_word' id='word_1_75' title='bbox 647 1082 738 1157; x_wconf 95' lang='lat' dir='ltr'><strong>noto,</strong></span> <span class='ocrx_word' id='word_1_76' title='bbox 761 1098 854 1143; x_wconf 82' lang='lat' dir='ltr'><strong>sensu</strong></span> <span class='ocrx_word' id='word_1_77' title='bbox 876 1079 1023 1143; x_wconf 79' lang='lat' dir='ltr'><strong>absurdo.</strong></span> <span class='ocrx_word' id='word_1_78' title='bbox 1067 1082 1106 1143; x_wconf 81' lang='grc' dir='ltr'><strong>ΙΙΙ</strong></span> <span class='ocrx_word' id='word_1_79' title='bbox 1127 1101 1209 1164; x_wconf 94' lang='lat' dir='ltr'><strong>quum</strong></span> <span class='ocrx_word' id='word_1_80' title='bbox 1231 1083 1267 1143; x_wconf 92' lang='lat' dir='ltr'><strong>ad</strong></span> <span class='ocrx_word' id='word_1_81' title='bbox 1290 1083 1343 1144; x_wconf 92' lang='lat' dir='ltr'><strong>llb.</strong></span> 
     </span>
     <span class='ocr_line' id='line_1_10' title="bbox 101 1183 1341 1264; baseline -0.002 -15"><span class='ocrx_word' id='word_1_82' title='bbox 101 1186 140 1249; x_wconf 84' lang='lat' dir='ltr'><strong>V·</strong></span> <span class='ocrx_word' id='word_1_83' title='bbox 164 1185 240 1246; x_wconf 78' lang='lat' dir='ltr'><strong>ddi.</strong></span> <span class='ocrx_word' id='word_1_84' title='bbox 264 1183 466 1256; x_wconf 87' lang='lat' dir='ltr'><strong>eodemmodo</strong></span> <span class='ocrx_word' id='word_1_85' title='bbox 489 1183 680 1244; x_wconf 87' lang='lat' dir='ltr'><strong>coniecturam</strong></span> <span class='ocrx_word' id='word_1_86' title='bbox 707 1183 857 1263; x_wconf 80' lang='lat' dir='ltr'><strong>impugnat</strong></span> <span class='ocrx_word' id='word_1_87' title='bbox 879 1183 1044 1264; x_wconf 79' lang='lat' dir='ltr'><strong>scaligeri,</strong></span> <span class='ocrx_word' id='word_1_88' title='bbox 1072 1183 1129 1247; x_wconf 90' lang='lat' dir='ltr'><strong>boc</strong></span> <span class='ocrx_word' id='word_1_89' title='bbox 1151 1188 1229 1248; x_wconf 80' lang='lat' dir='ltr'><strong>certe</strong></span> <span class='ocrx_word' id='word_1_90' title='bbox 1250 1203 1341 1262; x_wconf 80' lang='lat' dir='ltr'><strong>argu·</strong></span> 
     </span>
     <span class='ocr_line' id='line_1_11' title="bbox 98 1269 1343 1371; baseline 0 -20"><span class='ocrx_word' id='word_1_91' title='bbox 98 1293 195 1351; x_wconf 83' lang='lat' dir='ltr'><strong>monto</strong></span> <span class='ocrx_word' id='word_1_92' title='bbox 212 1305 274 1348; x_wconf 92' lang='lat' dir='ltr'><strong>-non</strong></span> <span class='ocrx_word' id='word_1_93' title='bbox 297 1285 524 1367; x_wconf 86' lang='lat' dir='ltr'><strong>impugnandam.</strong></span> <span class='ocrx_word' id='word_1_94' title='bbox 568 1283 603 1358; x_wconf 91' lang='lat' dir='ltr'><strong>ln</strong></span> <span class='ocrx_word' id='word_1_95' title='bbox 631 1284 731 1346; x_wconf 82' lang='lat' dir='ltr'><strong>codena</strong></span> <span class='ocrx_word' id='word_1_96' title='bbox 763 1284 840 1347; x_wconf 88' lang='lat' dir='ltr'><strong>libro</strong></span> <span class='ocrx_word' id='word_1_97' title='bbox 867 1287 907 1350; x_wconf 90' lang='lat' dir='ltr'><strong>V.</strong></span> <span class='ocrx_word' id='word_1_98' title='bbox 930 1269 1014 1351; x_wconf 63' lang='lat' dir='ltr'><strong>lca.</strong></span> <span class='ocrx_word' id='word_1_99' title='bbox 1033 1306 1174 1371; x_wconf 89' lang='lat' dir='ltr'><strong>quaeras,</strong></span> <span class='ocrx_word' id='word_1_100' title='bbox 1204 1307 1240 1350; x_wconf 91' lang='lat' dir='ltr'><strong>an</strong></span> <span class='ocrx_word' id='word_1_101' title='bbox 1270 1291 1343 1351; x_wconf 89' lang='lat' dir='ltr'><strong>retl-</strong></span> 
     </span>
     <span class='ocr_line' id='line_1_12' title="bbox 98 1392 651 1462; baseline -0.011 -7"><span class='ocrx_word' id='word_1_102' title='bbox 98 1392 222 1462; x_wconf 82' lang='lat' dir='ltr'><strong>nendum</strong></span> <span class='ocrx_word' id='word_1_103' title='bbox 244 1392 284 1452; x_wconf 88' lang='lat' dir='ltr'><strong>sit</strong></span> <span class='ocrx_word' id='word_1_104' title='bbox 646 1454 651 1460; x_wconf 57' lang='grc'><em>,</em></span> 
     </span>
    </p>

    <p class='ocr_par' dir='ltr' id='par_1_5' title="bbox 96 1493 1342 1787">
     <span class='ocr_line' id='line_1_13' title="bbox 275 1493 1065 1583; baseline -0.006 -25"><span class='ocrx_word' id='word_1_105' title='bbox 275 1495 414 1576; x_wconf 75' lang='lat' dir='ltr'><strong>Corpora</strong></span> <span class='ocrx_word' id='word_1_106' title='bbox 436 1494 483 1576; x_wconf 88' lang='lat' dir='ltr'><strong>qui</strong></span> <span class='ocrx_word' id='word_1_107' title='bbox 505 1504 641 1574; x_wconf 72' lang='lat' dir='ltr'><strong>mergunt</strong></span> <span class='ocrx_word' id='word_1_108' title='bbox 661 1493 772 1569; x_wconf 83' lang='lat' dir='ltr'><strong>uadis,</strong></span> <span class='ocrx_word' id='word_1_109' title='bbox 1060 1576 1065 1583; x_wconf 13' lang='lat' dir='ltr'>x</span> 
     </span>
     <span class='ocr_line' id='line_1_14' title="bbox 98 1595 1342 1680; baseline 0.002 -21"><span class='ocrx_word' id='word_1_110' title='bbox 98 1599 153 1660; x_wconf 92' lang='lat' dir='ltr'><strong>sed</strong></span> <span class='ocrx_word' id='word_1_111' title='bbox 176 1599 272 1660; x_wconf 82' lang='lat' dir='ltr'><strong>fateor</strong></span> <span class='ocrx_word' id='word_1_112' title='bbox 292 1597 457 1675; x_wconf 88' lang='lat' dir='ltr'><strong>elegantius</strong></span> <span class='ocrx_word' id='word_1_113' title='bbox 479 1616 566 1676; x_wconf 90' lang='lat' dir='ltr'><strong>esse,</strong></span> <span class='ocrx_word' id='word_1_114' title='bbox 589 1596 665 1680; x_wconf 85' lang='lat' dir='ltr'><strong>qnod</strong></span> <span class='ocrx_word' id='word_1_115' title='bbox 688 1595 838 1659; x_wconf 77' lang='lat' dir='ltr'><strong>cenceros</strong></span> <span class='ocrx_word' id='word_1_116' title='bbox 860 1597 990 1678; x_wconf 79' lang='lat' dir='ltr'><strong>reposuit</strong></span> <span class='ocrx_word' id='word_1_117' title='bbox 1011 1615 1051 1660; x_wconf 87' lang='lat' dir='ltr'><strong>ex</strong></span> <span class='ocrx_word' id='word_1_118' title='bbox 1072 1599 1240 1662; x_wconf 84' lang='lat' dir='ltr'><strong>Vossiano:</strong></span> <span class='ocrx_word' id='word_1_119' title='bbox 1264 1599 1342 1661; x_wconf 86' lang='lat' dir='ltr'><strong>Cor-</strong></span> 
     </span>
     <span class='ocr_line' id='line_1_15' title="bbox 96 1701 910 1787; baseline -0.002 -24"><span class='ocrx_word' id='word_1_120' title='bbox 96 1721 239 1787; x_wconf 79' lang='lat' dir='ltr'><strong>poraqce</strong></span> <span class='ocrx_word' id='word_1_121' title='bbox 260 1704 434 1782; x_wconf 76' lang='lat' dir='ltr'><strong>irnmerpuat</strong></span> <span class='ocrx_word' id='word_1_122' title='bbox 455 1701 558 1764; x_wconf 82' lang='lat' dir='ltr'><strong>nodia.</strong></span> <span class='ocrx_word' id='word_1_123' title='bbox 908 1755 910 1761; x_wconf 83' lang='grc'>,</span> 
     </span>
    </p>

    <p class='ocr_par' dir='ltr' id='par_1_6' title="bbox 90 1803 1343 3334">
     <span class='ocr_line' id='line_1_16' title="bbox 166 1803 1343 1888; baseline 0.003 -23"><span class='ocrx_word' id='word_1_124' title='bbox 166 1805 250 1888; x_wconf 83' lang='lat' dir='ltr'><strong>Quod</strong></span> <span class='ocrx_word' id='word_1_125' title='bbox 274 1822 362 1885; x_wconf 83' lang='lat' dir='ltr'><strong>saepe</strong></span> <span class='ocrx_word' id='word_1_126' title='bbox 385 1823 446 1866; x_wconf 90' lang='lat' dir='ltr'><strong>cum</strong></span> <span class='ocrx_word' id='word_1_127' title='bbox 477 1803 578 1887; x_wconf 75' lang='lat' dir='ltr'><strong>Colice</strong></span> <span class='ocrx_word' id='word_1_128' title='bbox 607 1822 740 1884; x_wconf 84' lang='lat' dir='ltr'><strong>comparo</strong></span> <span class='ocrx_word' id='word_1_129' title='bbox 768 1803 924 1882; x_wconf 81' lang='lat' dir='ltr'><strong>Catonem,</strong></span> <span class='ocrx_word' id='word_1_130' title='bbox 956 1805 1042 1867; x_wconf 89' lang='lat' dir='ltr'><strong>nolim</strong></span> <span class='ocrx_word' id='word_1_131' title='bbox 1071 1807 1112 1867; x_wconf 85' lang='lat' dir='ltr'><strong>ita</strong></span> <span class='ocrx_word' id='word_1_132' title='bbox 1139 1807 1249 1887; x_wconf 92' lang='lat' dir='ltr'><strong>accipi,</strong></span> <span class='ocrx_word' id='word_1_133' title='bbox 1282 1810 1343 1869; x_wconf 87' lang='lat' dir='ltr'><strong>acsi</strong></span> 
     </span>
     <span class='ocr_line' id='line_1_17' title="bbox 99 1890 1343 1988; baseline 0.002 -16"><span class='ocrx_word' id='word_1_134' title='bbox 99 1908 169 1972; x_wconf 91' lang='lat' dir='ltr'><strong>nibil</strong></span> <span class='ocrx_word' id='word_1_135' title='bbox 193 1915 289 1988; x_wconf 87' lang='lat' dir='ltr'><strong>putem</strong></span> <span class='ocrx_word' id='word_1_136' title='bbox 312 1909 387 1969; x_wconf 89' lang='lat' dir='ltr'><strong>inter</strong></span> <span class='ocrx_word' id='word_1_137' title='bbox 408 1890 519 1973; x_wconf 77' lang='lat' dir='ltr'><strong>Culicis</strong></span> <span class='ocrx_word' id='word_1_138' title='bbox 541 1904 750 1987; x_wconf 85' lang='lat' dir='ltr'><strong>simplicitatem</strong></span> <span class='ocrx_word' id='word_1_139' title='bbox 773 1912 803 1970; x_wconf 90' lang='lat' dir='ltr'><strong>et</strong></span> <span class='ocrx_word' id='word_1_140' title='bbox 817 1905 939 1972; x_wconf 83' lang='lat' dir='ltr'><strong>Catonis</strong></span> <span class='ocrx_word' id='word_1_141' title='bbox 963 1927 1032 1971; x_wconf 88' lang='lat' dir='ltr'><strong>esse</strong></span> <span class='ocrx_word' id='word_1_142' title='bbox 1050 1909 1238 1972; x_wconf 79' lang='lat' dir='ltr'><strong>differentiae.</strong></span> <span class='ocrx_word' id='word_1_143' title='bbox 1269 1912 1343 1974; x_wconf 82' lang='lat' dir='ltr'><strong>Caci</strong></span> 
     </span>
     <span class='ocr_line' id='line_1_18' title="bbox 99 2009 1343 2094; baseline 0.001 -19"><span class='ocrx_word' id='word_1_144' title='bbox 99 2015 153 2075; x_wconf 87' lang='lat' dir='ltr'><strong>iam</strong></span> <span class='ocrx_word' id='word_1_145' title='bbox 177 2030 266 2092; x_wconf 90' lang='lat' dir='ltr'><strong>supra</strong></span> <span class='ocrx_word' id='word_1_146' title='bbox 288 2011 371 2074; x_wconf 82' lang='lat' dir='ltr'><strong>Dios.</strong></span> <span class='ocrx_word' id='word_1_147' title='bbox 390 2011 414 2072; x_wconf 93' lang='grc' dir='ltr'><strong>Ι.</strong></span> <span class='ocrx_word' id='word_1_148' title='bbox 431 2033 459 2092; x_wconf 92' lang='lat' dir='ltr'><strong>p.</strong></span> <span class='ocrx_word' id='word_1_149' title='bbox 473 2015 547 2074; x_wconf 78' lang='lat'><strong>238.</strong></span> <span class='ocrx_word' id='word_1_150' title='bbox 592 2009 681 2094; x_wconf 81' lang='lat' dir='ltr'><strong>Quam</strong></span> <span class='ocrx_word' id='word_1_151' title='bbox 703 2011 913 2092; x_wconf 85' lang='lat' dir='ltr'><strong>simplicitatem</strong></span> <span class='ocrx_word' id='word_1_152' title='bbox 935 2010 1053 2073; x_wconf 86' lang='lat' dir='ltr'><strong>dicimus</strong></span> <span class='ocrx_word' id='word_1_153' title='bbox 1066 2012 1189 2093; x_wconf 85' lang='lat' dir='ltr'><strong>Culicis,</strong></span> <span class='ocrx_word' id='word_1_154' title='bbox 1213 2032 1343 2092; x_wconf 87' lang='lat' dir='ltr'><strong>magnum</strong></span> 
     </span>
     <span class='ocr_line' id='line_1_19' title="bbox 99 2114 1343 2197; baseline 0.001 -19"><span class='ocrx_word' id='word_1_155' title='bbox 99 2121 211 2197; x_wconf 91' lang='lat' dir='ltr'><strong>partem</strong></span> <span class='ocrx_word' id='word_1_156' title='bbox 234 2117 262 2176; x_wconf 94' lang='lat' dir='ltr'><strong>in</strong></span> <span class='ocrx_word' id='word_1_157' title='bbox 284 2118 424 2195; x_wconf 91' lang='lat' dir='ltr'><strong>imperitia</strong></span> <span class='ocrx_word' id='word_1_158' title='bbox 445 2117 541 2195; x_wconf 85' lang='lat' dir='ltr'><strong>posita</strong></span> <span class='ocrx_word' id='word_1_159' title='bbox 564 2119 631 2176; x_wconf 74' lang='lat' dir='ltr'><strong>estc</strong></span> <span class='ocrx_word' id='word_1_160' title='bbox 654 2133 710 2197; x_wconf 88' lang='lat' dir='ltr'><strong>qua</strong></span> <span class='ocrx_word' id='word_1_161' title='bbox 730 2119 883 2194; x_wconf 84' lang='lat' dir='ltr'><strong>superata,</strong></span> <span class='ocrx_word' id='word_1_162' title='bbox 917 2114 1003 2176; x_wconf 88' lang='lat' dir='ltr'><strong>multa</strong></span> <span class='ocrx_word' id='word_1_163' title='bbox 1035 2114 1201 2195; x_wconf 88' lang='lat' dir='ltr'><strong>diligentia,</strong></span> <span class='ocrx_word' id='word_1_164' title='bbox 1230 2122 1259 2180; x_wconf 84' lang='lat' dir='ltr'><strong>ct</strong></span> <span class='ocrx_word' id='word_1_165' title='bbox 1289 2120 1343 2179; x_wconf 85' lang='lat' dir='ltr'><strong>ad-</strong></span> 
     </span>
     <span class='ocr_line' id='line_1_20' title="bbox 98 2217 1343 2300; baseline 0.002 -18"><span class='ocrx_word' id='word_1_166' title='bbox 98 2223 220 2282; x_wconf 83' lang='lat' dir='ltr'><strong>iuvante</strong></span> <span class='ocrx_word' id='word_1_167' title='bbox 252 2219 415 2280; x_wconf 82' lang='lat' dir='ltr'><strong>industriam</strong></span> <span class='ocrx_word' id='word_1_168' title='bbox 445 2219 623 2300; x_wconf 81' lang='lat' dir='ltr'><strong>studiumque</strong></span> <span class='ocrx_word' id='word_1_169' title='bbox 647 2217 781 2294; x_wconf 84' lang='lat' dir='ltr'><strong>ingenio,</strong></span> <span class='ocrx_word' id='word_1_170' title='bbox 812 2220 917 2280; x_wconf 84' lang='lat' dir='ltr'><strong>eximin</strong></span> <span class='ocrx_word' id='word_1_171' title='bbox 946 2218 1080 2299; x_wconf 86' lang='lat' dir='ltr'><strong>prodiere</strong></span> <span class='ocrx_word' id='word_1_172' title='bbox 1101 2221 1173 2281; x_wconf 87' lang='lat' dir='ltr'><strong>artis</strong></span> <span class='ocrx_word' id='word_1_173' title='bbox 1195 2225 1343 2300; x_wconf 77' lang='lat' dir='ltr'><strong>perfectae</strong></span> 
     </span>
     <span class='ocr_line' id='line_1_21' title="bbox 99 2320 1342 2405; baseline 0.002 -20"><span class='ocrx_word' id='word_1_174' title='bbox 99 2327 296 2399; x_wconf 72' lang='lat' dir='ltr'><strong>monumenta,</strong></span> <span class='ocrx_word' id='word_1_175' title='bbox 322 2322 466 2400; x_wconf 79' lang='lat' dir='ltr'><strong>dologao,</strong></span> <span class='ocrx_word' id='word_1_176' title='bbox 490 2320 655 2404; x_wconf 81' lang='lat' dir='ltr'><strong>Georgica,</strong></span> <span class='ocrx_word' id='word_1_177' title='bbox 677 2321 797 2383; x_wconf 81' lang='lat' dir='ltr'><strong>Aeneis.</strong></span> <span class='ocrx_word' id='word_1_178' title='bbox 842 2321 874 2383; x_wconf 90' lang='lat' dir='ltr'><strong>ln</strong></span> <span class='ocrx_word' id='word_1_179' title='bbox 897 2320 1008 2386; x_wconf 79' lang='lat' dir='ltr'><strong>Catone</strong></span> <span class='ocrx_word' id='word_1_180' title='bbox 1030 2330 1102 2405; x_wconf 89' lang='lat' dir='ltr'><strong>quac</strong></span> <span class='ocrx_word' id='word_1_181' title='bbox 1124 2323 1264 2402; x_wconf 89' lang='lat' dir='ltr'><strong>imperitia</strong></span> <span class='ocrx_word' id='word_1_182' title='bbox 1286 2327 1342 2387; x_wconf 93' lang='lat' dir='ltr'><strong>dici</strong></span> 
     </span>
     <span class='ocr_line' id='line_1_22' title="bbox 98 2416 1340 2508; baseline 0.002 -21"><span class='ocrx_word' id='word_1_183' title='bbox 98 2428 213 2507; x_wconf 86' lang='lat' dir='ltr'><strong>possit,</strong></span> <span class='ocrx_word' id='word_1_184' title='bbox 236 2426 333 2487; x_wconf 86' lang='lat' dir='ltr'><strong>nulla:</strong></span> <span class='ocrx_word' id='word_1_185' title='bbox 356 2428 429 2487; x_wconf 83' lang='lat' dir='ltr'><strong>satis</strong></span> <span class='ocrx_word' id='word_1_186' title='bbox 452 2424 601 2486; x_wconf 89' lang='lat' dir='ltr'><strong>elaborata</strong></span> <span class='ocrx_word' id='word_1_187' title='bbox 623 2430 690 2486; x_wconf 87' lang='lat' dir='ltr'><strong>sunt</strong></span> <span class='ocrx_word' id='word_1_188' title='bbox 709 2416 784 2486; x_wconf 50' lang='lat' dir='ltr'><strong>&#39;baec</strong></span> <span class='ocrx_word' id='word_1_189' title='bbox 806 2425 944 2503; x_wconf 85' lang='lat' dir='ltr'><strong>carminu3</strong></span> <span class='ocrx_word' id='word_1_190' title='bbox 967 2426 1037 2488; x_wconf 89' lang='lat' dir='ltr'><strong>lecit</strong></span> <span class='ocrx_word' id='word_1_191' title='bbox 1052 2426 1126 2490; x_wconf 84' lang='lat' dir='ltr'><strong>Cato</strong></span> <span class='ocrx_word' id='word_1_192' title='bbox 1144 2426 1218 2508; x_wconf 92' lang='lat' dir='ltr'><strong>quod</strong></span> <span class='ocrx_word' id='word_1_193' title='bbox 1237 2430 1340 2506; x_wconf 89' lang='lat' dir='ltr'><strong>potuit,</strong></span> 
     </span>
     <span class='ocr_line' id='line_1_23' title="bbox 97 2527 1342 2616; baseline 0 -24"><span class='ocrx_word' id='word_1_194' title='bbox 97 2550 153 2611; x_wconf 92' lang='lat' dir='ltr'><strong>pro</strong></span> <span class='ocrx_word' id='word_1_195' title='bbox 175 2550 230 2590; x_wconf 88' lang='lat' dir='ltr'><strong>sua</strong></span> <span class='ocrx_word' id='word_1_196' title='bbox 251 2531 375 2611; x_wconf 86' lang='lat' dir='ltr'><strong>aevique</strong></span> <span class='ocrx_word' id='word_1_197' title='bbox 397 2530 441 2590; x_wconf 87' lang='lat' dir='ltr'><strong>sui</strong></span> <span class='ocrx_word' id='word_1_198' title='bbox 466 2527 664 2607; x_wconf 80' lang='lat' dir='ltr'><strong>simplicitate,</strong></span> <span class='ocrx_word' id='word_1_199' title='bbox 684 2546 787 2616; x_wconf 67' lang='lat' dir='ltr'><strong>⁴neque</strong></span> <span class='ocrx_word' id='word_1_200' title='bbox 819 2529 845 2588; x_wconf 87' lang='lat' dir='ltr'><strong>si</strong></span> <span class='ocrx_word' id='word_1_201' title='bbox 873 2547 946 2610; x_wconf 89' lang='lat' dir='ltr'><strong>quae</strong></span> <span class='ocrx_word' id='word_1_202' title='bbox 975 2533 1140 2607; x_wconf 60' lang='lat' dir='ltr'><strong>provectus.</strong></span> <span class='ocrx_word' id='word_1_203' title='bbox 1154 2535 1251 2591; x_wconf 88' lang='lat' dir='ltr'><strong>aetate</strong></span> <span class='ocrx_word' id='word_1_204' title='bbox 1273 2549 1342 2592; x_wconf 86' lang='lat' dir='ltr'><strong>car-</strong></span> 
     </span>
     <span class='ocr_line' id='line_1_24' title="bbox 95 2628 1340 2714; baseline 0 -18"><span class='ocrx_word' id='word_1_205' title='bbox 95 2635 174 2696; x_wconf 80' lang='lat' dir='ltr'><strong>mina</strong></span> <span class='ocrx_word' id='word_1_206' title='bbox 193 2635 363 2712; x_wconf 87' lang='lat' dir='ltr'><strong>scripserit,</strong></span> <span class='ocrx_word' id='word_1_207' title='bbox 385 2633 498 2694; x_wconf 92' lang='lat' dir='ltr'><strong>multum</strong></span> <span class='ocrx_word' id='word_1_208' title='bbox 521 2649 556 2692; x_wconf 92' lang='lat' dir='ltr'><strong>ea</strong></span> <span class='ocrx_word' id='word_1_209' title='bbox 577 2631 613 2691; x_wconf 89' lang='lat' dir='ltr'><strong>ab</strong></span> <span class='ocrx_word' id='word_1_210' title='bbox 636 2628 749 2701; x_wconf 81' lang='lat' dir='ltr'><strong>borum,</strong></span> <span class='ocrx_word' id='word_1_211' title='bbox 773 2650 845 2714; x_wconf 89' lang='lat' dir='ltr'><strong>quae</strong></span> <span class='ocrx_word' id='word_1_212' title='bbox 866 2630 1022 2708; x_wconf 89' lang='lat' dir='ltr'><strong>babemus,</strong></span> <span class='ocrx_word' id='word_1_213' title='bbox 1048 2633 1205 2695; x_wconf 81' lang='lat' dir='ltr'><strong>mminum</strong></span> <span class='ocrx_word' id='word_1_214' title='bbox 1228 2634 1340 2713; x_wconf 91' lang='lat' dir='ltr'><strong>simpli-</strong></span> 
     </span>
     <span class='ocr_line' id='line_1_25' title="bbox 94 2733 1340 2820; baseline -0.002 -20"><span class='ocrx_word' id='word_1_215' title='bbox 94 2740 185 2800; x_wconf 86' lang='lat' dir='ltr'><strong>citate</strong></span> <span class='ocrx_word' id='word_1_216' title='bbox 209 2737 325 2798; x_wconf 89' lang='lat' dir='ltr'><strong>diversa</strong></span> <span class='ocrx_word' id='word_1_217' title='bbox 348 2739 437 2798; x_wconf 82' lang='lat' dir='ltr'><strong>luisse</strong></span> <span class='ocrx_word' id='word_1_218' title='bbox 460 2734 611 2814; x_wconf 87' lang='lat' dir='ltr'><strong>probabile</strong></span> <span class='ocrx_word' id='word_1_219' title='bbox 634 2738 688 2795; x_wconf 90' lang='lat' dir='ltr'><strong>est.</strong></span> <span class='ocrx_word' id='word_1_220' title='bbox 734 2733 794 2796; x_wconf 88' lang='lat' dir='ltr'><strong>Sed</strong></span> <span class='ocrx_word' id='word_1_221' title='bbox 817 2735 1024 2815; x_wconf 86' lang='lat' dir='ltr'><strong>simplicitatem</strong></span> <span class='ocrx_word' id='word_1_222' title='bbox 1048 2735 1242 2811; x_wconf 83' lang='lat' dir='ltr'><strong>Catonianam,</strong></span> <span class='ocrx_word' id='word_1_223' title='bbox 1266 2740 1340 2820; x_wconf 74' lang='lat' dir='ltr'><strong>qua&#39;·</strong></span> 
     </span>
     <span class='ocr_line' id='line_1_26' title="bbox 94 2837 1337 2922; baseline -0.003 -17"><span class='ocrx_word' id='word_1_224' title='bbox 94 2849 184 2905; x_wconf 72' lang='lat' dir='ltr'><strong>oenus</strong></span> <span class='ocrx_word' id='word_1_225' title='bbox 207 2859 243 2900; x_wconf 85' lang='lat' dir='ltr'><strong>ea</strong></span> <span class='ocrx_word' id='word_1_226' title='bbox 264 2842 291 2901; x_wconf 95' lang='lat' dir='ltr'><strong>in</strong></span> <span class='ocrx_word' id='word_1_227' title='bbox 315 2839 616 2907; x_wconf 86' lang='lat' dir='ltr'><strong>noxusententiarum</strong></span> <span class='ocrx_word' id='word_1_228' title='bbox 639 2839 848 2918; x_wconf 88' lang='lat' dir='ltr'><strong>conspiciatur,</strong></span> <span class='ocrx_word' id='word_1_229' title='bbox 882 2837 948 2900; x_wconf 87' lang='lat' dir='ltr'><strong>allis</strong></span> <span class='ocrx_word' id='word_1_230' title='bbox 979 2838 1337 2922; x_wconf 46' lang='lat' dir='ltr'><strong>quaerendumqrelinquo,</strong></span> 
     </span>
     <span class='ocr_line' id='line_1_27' title="bbox 93 2942 1339 3026; baseline 0 -19"><span class='ocrx_word' id='word_1_231' title='bbox 93 2945 157 3007; x_wconf 86' lang='lat' dir='ltr'><strong>vel</strong></span> <span class='ocrx_word' id='word_1_232' title='bbox 172 2945 269 3023; x_wconf 87' lang='lat' dir='ltr'><strong>potius</strong></span> <span class='ocrx_word' id='word_1_233' title='bbox 296 2944 496 3006; x_wconf 75' lang='lat' dir='ltr'><strong>sentiendnmr</strong></span> <span class='ocrx_word' id='word_1_234' title='bbox 530 2946 577 3003; x_wconf 88' lang='lat' dir='ltr'><strong>est</strong></span> <span class='ocrx_word' id='word_1_235' title='bbox 606 2942 678 3003; x_wconf 90' lang='lat' dir='ltr'><strong>enim</strong></span> <span class='ocrx_word' id='word_1_236' title='bbox 709 2960 772 3014; x_wconf 90' lang='lat' dir='ltr'><strong>res,</strong></span> <span class='ocrx_word' id='word_1_237' title='bbox 801 2960 874 3024; x_wconf 92' lang='lat' dir='ltr'><strong>quae</strong></span> <span class='ocrx_word' id='word_1_238' title='bbox 903 2942 1128 3005; x_wconf 85' lang='lat' dir='ltr'><strong>sentlrldebct.</strong></span> <span class='ocrx_word' id='word_1_239' title='bbox 1172 2944 1270 3026; x_wconf 80' lang='lat' dir='ltr'><strong>Atque</strong></span> <span class='ocrx_word' id='word_1_240' title='bbox 1292 2943 1339 3007; x_wconf 93' lang='lat' dir='ltr'><strong>bic</strong></span> 
     </span>
     <span class='ocr_line' id='line_1_28' title="bbox 91 3045 1338 3127; baseline 0.001 -18"><span class='ocrx_word' id='word_1_241' title='bbox 91 3047 159 3111; x_wconf 87' lang='lat' dir='ltr'><strong>illic</strong></span> <span class='ocrx_word' id='word_1_242' title='bbox 182 3046 269 3109; x_wconf 78' lang='lat' dir='ltr'><strong>facile</strong></span> <span class='ocrx_word' id='word_1_243' title='bbox 291 3050 447 3124; x_wconf 88' lang='lat' dir='ltr'><strong>sentietur,</strong></span> <span class='ocrx_word' id='word_1_244' title='bbox 471 3052 502 3108; x_wconf 93' lang='lat' dir='ltr'><strong>ut</strong></span> <span class='ocrx_word' id='word_1_245' title='bbox 523 3045 586 3106; x_wconf 82' lang='lat' dir='ltr'><strong>llir.</strong></span> <span class='ocrx_word' id='word_1_246' title='bbox 611 3049 662 3106; x_wconf 75' lang='lat'><strong>22.</strong></span> <span class='ocrx_word' id='word_1_247' title='bbox 708 3045 794 3121; x_wconf 85' lang='lat' dir='ltr'><strong>Duri,</strong></span> <span class='ocrx_word' id='word_1_248' title='bbox 823 3045 896 3127; x_wconf 91' lang='lat' dir='ltr'><strong>quod</strong></span> <span class='ocrx_word' id='word_1_249' title='bbox 919 3046 981 3106; x_wconf 93' lang='lat' dir='ltr'><strong>iure</strong></span> <span class='ocrx_word' id='word_1_250' title='bbox 1009 3045 1090 3107; x_wconf 89' lang='lat' dir='ltr'><strong>dicas</strong></span> <span class='ocrx_word' id='word_1_251' title='bbox 1120 3045 1232 3123; x_wconf 85' lang='lat' dir='ltr'><strong>durum,</strong></span> <span class='ocrx_word' id='word_1_252' title='bbox 1268 3048 1338 3110; x_wconf 92' lang='lat' dir='ltr'><strong>nibil</strong></span> 
     </span>
     <span class='ocr_line' id='line_1_29' title="bbox 90 3147 1338 3232; baseline 0 -18"><span class='ocrx_word' id='word_1_253' title='bbox 90 3153 213 3232; x_wconf 86' lang='lat' dir='ltr'><strong>reperio</strong></span> <span class='ocrx_word' id='word_1_254' title='bbox 245 3151 319 3230; x_wconf 90' lang='lat' dir='ltr'><strong>apud</strong></span> <span class='ocrx_word' id='word_1_255' title='bbox 351 3147 504 3222; x_wconf 82' lang='lat' dir='ltr'><strong>Catonem,</strong></span> <span class='ocrx_word' id='word_1_256' title='bbox 534 3151 560 3210; x_wconf 91' lang='lat' dir='ltr'><strong>si</strong></span> <span class='ocrx_word' id='word_1_257' title='bbox 591 3151 665 3210; x_wconf 83' lang='lat' dir='ltr'><strong>sorte</strong></span> <span class='ocrx_word' id='word_1_258' title='bbox 694 3148 878 3227; x_wconf 86' lang='lat' dir='ltr'><strong>parenthesin</strong></span> <span class='ocrx_word' id='word_1_259' title='bbox 901 3153 981 3210; x_wconf 91' lang='lat' dir='ltr'><strong>unam</strong></span> <span class='ocrx_word' id='word_1_260' title='bbox 1004 3154 1034 3212; x_wconf 91' lang='lat' dir='ltr'><strong>et</strong></span> <span class='ocrx_word' id='word_1_261' title='bbox 1056 3149 1173 3212; x_wconf 88' lang='lat' dir='ltr'><strong>alteram</strong></span> <span class='ocrx_word' id='word_1_262' title='bbox 1195 3153 1338 3232; x_wconf 82' lang='lat' dir='ltr'><strong>excipias.</strong></span> 
     </span>
     <span class='ocr_line' id='line_1_30' title="bbox 90 3249 1295 3334; baseline 0.001 -16"><span class='ocrx_word' id='word_1_263' title='bbox 90 3256 165 3320; x_wconf 79' lang='lat' dir='ltr'><strong>Non</strong></span> <span class='ocrx_word' id='word_1_264' title='bbox 187 3256 300 3334; x_wconf 83' lang='lat' dir='ltr'><strong>reperio</strong></span> <span class='ocrx_word' id='word_1_265' title='bbox 324 3254 397 3334; x_wconf 92' lang='lat' dir='ltr'><strong>apud</strong></span> <span class='ocrx_word' id='word_1_266' title='bbox 421 3251 577 3330; x_wconf 83' lang='lat' dir='ltr'><strong>Catonem,</strong></span> <span class='ocrx_word' id='word_1_267' title='bbox 607 3251 701 3333; x_wconf 91' lang='lat' dir='ltr'><strong>qualia</strong></span> <span class='ocrx_word' id='word_1_268' title='bbox 724 3251 752 3311; x_wconf 93' lang='lat' dir='ltr'><strong>ln</strong></span> <span class='ocrx_word' id='word_1_269' title='bbox 769 3249 865 3316; x_wconf 77' lang='lat' dir='ltr'><strong>,Coma</strong></span> <span class='ocrx_word' id='word_1_270' title='bbox 885 3251 1021 3328; x_wconf 84' lang='lat' dir='ltr'><strong>leguntur</strong></span> <span class='ocrx_word' id='word_1_271' title='bbox 1042 3250 1166 3333; x_wconf 81' lang='lat' dir='ltr'><strong>catulli,</strong></span> <span class='ocrx_word' id='word_1_272' title='bbox 1189 3272 1220 3316; x_wconf 85' lang='lat' dir='ltr'><strong>v.</strong></span> <span class='ocrx_word' id='word_1_273' title='bbox 1247 3260 1295 3319; x_wconf 83' lang='lat'><strong>18.</strong></span> 
     </span>
    </p>

    <p class='ocr_par' dir='ltr' id='par_1_7' title="bbox 89 3342 1054 3529">
     <span class='ocr_line' id='line_1_31' title="bbox 270 3342 1054 3436; baseline -0.008 -15"><span class='ocrx_word' id='word_1_274' title='bbox 270 3358 343 3421; x_wconf 85' lang='lat' dir='ltr'><strong>Noa</strong></span> <span class='ocrx_word' id='word_1_275' title='bbox 354 3400 365 3436; x_wconf 91' lang='lat'><strong>,</strong></span> <span class='ocrx_word' id='word_1_276' title='bbox 388 3362 434 3420; x_wconf 84' lang='lat' dir='ltr'><strong>ita</strong></span> <span class='ocrx_word' id='word_1_277' title='bbox 454 3377 500 3420; x_wconf 87' lang='lat' dir='ltr'><strong>me</strong></span> <span class='ocrx_word' id='word_1_278' title='bbox 522 3357 606 3431; x_wconf 87' lang='lat' dir='ltr'><strong>dici,</strong></span> <span class='ocrx_word' id='word_1_279' title='bbox 638 3373 716 3417; x_wconf 85' lang='lat' dir='ltr'><strong>veru</strong></span> <span class='ocrx_word' id='word_1_280' title='bbox 736 3342 872 3435; x_wconf 72' lang='lat' dir='ltr'><strong>gemunt,</strong></span> <span class='ocrx_word' id='word_1_281' title='bbox 894 3356 1015 3418; x_wconf 77' lang='lat' dir='ltr'><strong>tuerint.</strong></span> <span class='ocrx_word' id='word_1_282' title='bbox 1050 3396 1054 3406; x_wconf 67' lang='grc'><strong>»</strong></span> 
     </span>
     <span class='ocr_line' id='line_1_32' title="bbox 89 3465 202 3529; baseline -0.009 0"><span class='ocrx_word' id='word_1_283' title='bbox 89 3469 126 3529; x_wconf 87' lang='lat' dir='ltr'><strong>et</strong></span> <span class='ocrx_word' id='word_1_284' title='bbox 151 3465 202 3528; x_wconf 87' lang='lat' dir='ltr'><strong>ii.</strong></span> 
     </span>
    </p>

    <p class='ocr_par' dir='ltr' id='par_1_8' title="bbox 271 3560 1258 3655">
     <span class='ocr_line' id='line_1_33' title="bbox 271 3560 1258 3655; baseline -0.001 -29"><span class='ocrx_word' id='word_1_285' title='bbox 271 3563 397 3655; x_wconf 75' lang='lat' dir='ltr'><strong>Quicum</strong></span> <span class='ocrx_word' id='word_1_286' title='bbox 418 3584 491 3644; x_wconf 75' lang='lat' dir='ltr'><strong>eqo,</strong></span> <span class='ocrx_word' id='word_1_287' title='bbox 515 3564 584 3626; x_wconf 83' lang='lat' dir='ltr'><strong>dnm</strong></span> <span class='ocrx_word' id='word_1_288' title='bbox 605 3563 694 3642; x_wconf 76' lang='lat' dir='ltr'><strong>cirpo</strong></span> <span class='ocrx_word' id='word_1_289' title='bbox 717 3560 867 3645; x_wconf 82' lang='lat' dir='ltr'><strong>quondam</strong></span> <span class='ocrx_word' id='word_1_290' title='bbox 887 3562 967 3643; x_wconf 76' lang='lat' dir='ltr'><strong>snit,</strong></span> <span class='ocrx_word' id='word_1_291' title='bbox 986 3560 1125 3625; x_wconf 79' lang='lat' dir='ltr'><strong>omnibus</strong></span> <span class='ocrx_word' id='word_1_292' title='bbox 1146 3581 1258 3644; x_wconf 76' lang='lat' dir='ltr'><strong>capere</strong></span> 
     </span>
    </p>

    <p class='ocr_par' dir='ltr' id='par_1_9' title="bbox 337 3663 928 3748">
     <span class='ocr_line' id='line_1_34' title="bbox 337 3663 928 3748; baseline -0.014 -17"><span class='ocrx_word' id='word_1_293' title='bbox 337 3669 506 3748; x_wconf 78' lang='lat' dir='ltr'><strong>Unqueatio</strong></span> <span class='ocrx_word' id='word_1_294' title='bbox 517 3710 528 3743; x_wconf 90' lang='lat'><strong>,</strong></span> <span class='ocrx_word' id='word_1_295' title='bbox 550 3686 612 3729; x_wconf 83' lang='lat' dir='ltr'><strong>uma</strong></span> <span class='ocrx_word' id='word_1_296' title='bbox 633 3665 834 3733; x_wconf 71' lang='lat' dir='ltr'><strong>miliamulta</strong></span> <span class='ocrx_word' id='word_1_297' title='bbox 856 3663 928 3727; x_wconf 74' lang='lat' dir='ltr'><strong>bico.</strong></span> 
     </span>
    </p>

    <p class='ocr_par' dir='ltr' id='par_1_10' title="bbox 89 3767 1334 4482">
     <span class='ocr_line' id='line_1_35' title="bbox 89 3767 1334 3859; baseline 0.001 -27"><span class='ocrx_word' id='word_1_298' title='bbox 89 3792 179 3859; x_wconf 64' lang='lat' dir='ltr'><strong>quom</strong></span> <span class='ocrx_word' id='word_1_299' title='bbox 202 3771 291 3834; x_wconf 86' lang='lat' dir='ltr'><strong>locum</strong></span> <span class='ocrx_word' id='word_1_300' title='bbox 312 3772 421 3851; x_wconf 89' lang='lat' dir='ltr'><strong>primus</strong></span> <span class='ocrx_word' id='word_1_301' title='bbox 444 3771 596 3852; x_wconf 81' lang='lat' dir='ltr'><strong>expedivit</strong></span> <span class='ocrx_word' id='word_1_302' title='bbox 609 3771 632 3833; x_wconf 90' lang='grc' dir='ltr'><strong>Ι.</strong></span> <span class='ocrx_word' id='word_1_303' title='bbox 651 3769 843 3846; x_wconf 77' lang='lat' dir='ltr'><strong>D.-l&#39;ussius,</strong></span> <span class='ocrx_word' id='word_1_304' title='bbox 866 3768 1004 3850; x_wconf 89' lang='lat' dir='ltr'><strong>simulque</strong></span> <span class='ocrx_word' id='word_1_305' title='bbox 1027 3767 1162 3830; x_wconf 88' lang='lat' dir='ltr'><strong>rationem</strong></span> <span class='ocrx_word' id='word_1_306' title='bbox 1178 3769 1334 3848; x_wconf 85' lang='lat' dir='ltr'><strong>indicavit,</strong></span> 
     </span>
     <span class='ocr_line' id='line_1_36' title="bbox 91 3871 1333 3962; baseline -0.004 -22"><span class='ocrx_word' id='word_1_307' title='bbox 91 3897 153 3962; x_wconf 85' lang='lat' dir='ltr'><strong>qna</strong></span> <span class='ocrx_word' id='word_1_308' title='bbox 175 3877 309 3938; x_wconf 87' lang='lat' dir='ltr'><strong>excusari</strong></span> <span class='ocrx_word' id='word_1_309' title='bbox 331 3875 453 3936; x_wconf 87' lang='lat' dir='ltr'><strong>durities</strong></span> <span class='ocrx_word' id='word_1_310' title='bbox 475 3875 658 3937; x_wconf 90' lang='lat' dir='ltr'><strong>construendi</strong></span> <span class='ocrx_word' id='word_1_311' title='bbox 681 3878 736 3935; x_wconf 70' lang='lat' dir='ltr'><strong>mor</strong></span> <span class='ocrx_word' id='word_1_312' title='bbox 760 3874 787 3932; x_wconf 92' lang='lat' dir='ltr'><strong>in</strong></span> <span class='ocrx_word' id='word_1_313' title='bbox 810 3871 866 3935; x_wconf 90' lang='lat' dir='ltr'><strong>boc</strong></span> <span class='ocrx_word' id='word_1_314' title='bbox 889 3889 1070 3953; x_wconf 87' lang='lat' dir='ltr'><strong>versuquam</strong></span> <span class='ocrx_word' id='word_1_315' title='bbox 1089 3871 1333 3938; x_wconf 70' lang='lat' dir='ltr'><strong>indictonis.</strong></span> 
     </span>
     <span class='ocr_line' id='line_1_37' title="bbox 89 3976 1332 4058; baseline -0.003 -13"><span class='ocrx_word' id='word_1_316' title='bbox 89 3981 222 4044; x_wconf 88' lang='lat' dir='ltr'><strong>debeat:</strong></span> <span class='ocrx_word' id='word_1_317' title='bbox 245 3979 362 4041; x_wconf 89' lang='lat' dir='ltr'><strong>dillicile</strong></span> <span class='ocrx_word' id='word_1_318' title='bbox 382 3978 500 4041; x_wconf 74' lang='lat' dir='ltr'><strong>Catullo</strong></span> <span class='ocrx_word' id='word_1_319' title='bbox 522 3981 614 4040; x_wconf 86' lang='lat' dir='ltr'><strong>fuisse</strong></span> <span class='ocrx_word' id='word_1_320' title='bbox 636 3980 664 4038; x_wconf 90' lang='lat' dir='ltr'><strong>ln</strong></span> <span class='ocrx_word' id='word_1_321' title='bbox 688 3977 780 4037; x_wconf 89' lang='lat' dir='ltr'><strong>alieno</strong></span> <span class='ocrx_word' id='word_1_322' title='bbox 805 3977 927 4037; x_wconf 77' lang='lat' dir='ltr'><strong>camnine</strong></span> <span class='ocrx_word' id='word_1_323' title='bbox 939 3992 1063 4052; x_wconf 89' lang='lat' dir='ltr'><strong>graeco,</strong></span> <span class='ocrx_word' id='word_1_324' title='bbox 1087 3976 1162 4058; x_wconf 94' lang='lat' dir='ltr'><strong>quod</strong></span> <span class='ocrx_word' id='word_1_325' title='bbox 1183 3984 1332 4057; x_wconf 81' lang='lat' dir='ltr'><strong>accurate,</strong></span> 
     </span>
     <span class='ocr_line' id='line_1_38' title="bbox 89 4080 1334 4166; baseline -0.003 -18"><span class='ocrx_word' id='word_1_326' title='bbox 89 4091 125 4148; x_wconf 81' lang='lat' dir='ltr'><strong>ot</strong></span> <span class='ocrx_word' id='word_1_327' title='bbox 148 4089 279 4166; x_wconf 87' lang='lat' dir='ltr'><strong>quantum</strong></span> <span class='ocrx_word' id='word_1_328' title='bbox 302 4084 363 4144; x_wconf 90' lang='lat' dir='ltr'><strong>lieri</strong></span> <span class='ocrx_word' id='word_1_329' title='bbox 385 4088 505 4161; x_wconf 87' lang='lat' dir='ltr'><strong>posset,</strong></span> <span class='ocrx_word' id='word_1_330' title='bbox 527 4082 562 4142; x_wconf 92' lang='lat' dir='ltr'><strong>ad</strong></span> <span class='ocrx_word' id='word_1_331' title='bbox 586 4083 703 4144; x_wconf 90' lang='lat' dir='ltr'><strong>verbum</strong></span> <span class='ocrx_word' id='word_1_332' title='bbox 727 4080 1161 4159; x_wconf 87' lang='lat' dir='ltr'><strong>exprimendumsuscepisset,</strong></span> <span class='ocrx_word' id='word_1_333' title='bbox 1183 4100 1243 4142; x_wconf 85' lang='lat' dir='ltr'><strong>eam</strong></span> <span class='ocrx_word' id='word_1_334' title='bbox 1266 4084 1334 4145; x_wconf 89' lang='lat' dir='ltr'><strong>ubl-</strong></span> 
     </span>
     <span class='ocr_line' id='line_1_39' title="bbox 89 4184 1330 4272; baseline -0.002 -22"><span class='ocrx_word' id='word_1_335' title='bbox 89 4206 151 4272; x_wconf 78' lang='lat' dir='ltr'><strong>qne</strong></span> <span class='ocrx_word' id='word_1_336' title='bbox 182 4186 355 4264; x_wconf 82' lang='lat' dir='ltr'><strong>elegantiam</strong></span> <span class='ocrx_word' id='word_1_337' title='bbox 384 4186 606 4266; x_wconf 82' lang='lat' dir='ltr'><strong>lircilitatemque</strong></span> <span class='ocrx_word' id='word_1_338' title='bbox 636 4185 771 4265; x_wconf 89' lang='lat' dir='ltr'><strong>assequi,</strong></span> <span class='ocrx_word' id='word_1_339' title='bbox 803 4203 859 4264; x_wconf 86' lang='lat' dir='ltr'><strong>qua</strong></span> <span class='ocrx_word' id='word_1_340' title='bbox 885 4185 913 4244; x_wconf 89' lang='lat' dir='ltr'><strong>in</strong></span> <span class='ocrx_word' id='word_1_341' title='bbox 944 4185 1005 4244; x_wconf 84' lang='lat' dir='ltr'><strong>scis</strong></span> <span class='ocrx_word' id='word_1_342' title='bbox 1035 4184 1204 4245; x_wconf 78' lang='lat' dir='ltr'><strong>carncinibus</strong></span> <span class='ocrx_word' id='word_1_343' title='bbox 1232 4186 1330 4264; x_wconf 90' lang='lat' dir='ltr'><strong>pollet.</strong></span> 
     </span>
     <span class='ocr_line' id='line_1_40' title="bbox 89 4286 1331 4374; baseline -0.003 -22"><span class='ocrx_word' id='word_1_344' title='bbox 89 4294 200 4374; x_wconf 80' lang='lat' dir='ltr'><strong>Neque</strong></span> <span class='ocrx_word' id='word_1_345' title='bbox 221 4291 335 4352; x_wconf 92' lang='lat' dir='ltr'><strong>dubium</strong></span> <span class='ocrx_word' id='word_1_346' title='bbox 358 4292 425 4372; x_wconf 89' lang='lat' dir='ltr'><strong>quin</strong></span> <span class='ocrx_word' id='word_1_347' title='bbox 447 4290 574 4352; x_wconf 88' lang='lat' dir='ltr'><strong>senserit</strong></span> <span class='ocrx_word' id='word_1_348' title='bbox 603 4286 749 4363; x_wconf 80' lang='lat' dir='ltr'><strong>Catullus,</strong></span> <span class='ocrx_word' id='word_1_349' title='bbox 767 4304 862 4369; x_wconf 88' lang='lat' dir='ltr'><strong>quum</strong></span> <span class='ocrx_word' id='word_1_350' title='bbox 891 4290 932 4349; x_wconf 91' lang='lat' dir='ltr'><strong>ita</strong></span> <span class='ocrx_word' id='word_1_351' title='bbox 962 4289 1032 4349; x_wconf 86' lang='lat' dir='ltr'><strong>dure</strong></span> <span class='ocrx_word' id='word_1_352' title='bbox 1055 4288 1205 4350; x_wconf 85' lang='lat' dir='ltr'><strong>scriberet.</strong></span> <span class='ocrx_word' id='word_1_353' title='bbox 1251 4289 1331 4369; x_wconf 82' lang='lat' dir='ltr'><strong>Qua-</strong></span> 
     </span>
     <span class='ocr_line' id='line_1_41' title="bbox 89 4387 1329 4482; baseline -0.009 -22"><span class='ocrx_word' id='word_1_354' title='bbox 89 4395 213 4482; x_wconf 86' lang='lat' dir='ltr'><strong>propter</strong></span> <span class='ocrx_word' id='word_1_355' title='bbox 235 4414 297 4457; x_wconf 85' lang='lat' dir='ltr'><strong>coo</strong></span> <span class='ocrx_word' id='word_1_356' title='bbox 318 4395 442 4472; x_wconf 86' lang='lat' dir='ltr'><strong>addidit,</strong></span> <span class='ocrx_word' id='word_1_357' title='bbox 466 4392 540 4477; x_wconf 92' lang='lat' dir='ltr'><strong>quod</strong></span> <span class='ocrx_word' id='word_1_358' title='bbox 563 4411 601 4454; x_wconf 88' lang='lat' dir='ltr'><strong>ex</strong></span> <span class='ocrx_word' id='word_1_359' title='bbox 623 4397 716 4453; x_wconf 88' lang='lat' dir='ltr'><strong>mente</strong></span> <span class='ocrx_word' id='word_1_360' title='bbox 738 4387 843 4453; x_wconf 79' lang='lat' dir='ltr'><strong>Catulli</strong></span> <span class='ocrx_word' id='word_1_361' title='bbox 866 4391 1033 4469; x_wconf 74' lang='lat' dir='ltr'><strong>significat:</strong></span> <span class='ocrx_word' id='word_1_362' title='bbox 1056 4411 1137 4475; x_wconf 86' lang='lat' dir='ltr'><strong>quom</strong></span> <span class='ocrx_word' id='word_1_363' title='bbox 1161 4409 1215 4451; x_wconf 87' lang='lat' dir='ltr'><strong>una</strong></span> <span class='ocrx_word' id='word_1_364' title='bbox 1237 4410 1329 4452; x_wconf 86' lang='lat' dir='ltr'><strong>essem</strong></span> 
     </span>
    </p>
   </div>
   <div class='ocr_carea' id='block_1_3' title="bbox 89 4495 1329 4656">
    <p class='ocr_par' dir='ltr' id='par_1_11' title="bbox 89 4495 1329 4656">
     <span class='ocr_line' id='line_1_42' title="bbox 89 4495 1329 4656; baseline -0.01 -90"><span class='ocrx_word' id='word_1_365' title='bbox 89 4521 156 4569; x_wconf 74' lang='lat' dir='ltr'><strong>cnm</strong></span> <span class='ocrx_word' id='word_1_366' title='bbox 178 4497 238 4562; x_wconf 83' lang='lat' dir='ltr'><strong>illa.</strong></span> <span class='ocrx_word' id='word_1_367' title='bbox 260 4516 316 4582; x_wconf 91' lang='lat' dir='ltr'><strong>qno</strong></span> <span class='ocrx_word' id='word_1_368' title='bbox 338 4499 479 4564; x_wconf 85' lang='lat' dir='ltr'><strong>indicatur</strong></span> <span class='ocrx_word' id='word_1_369' title='bbox 499 4495 577 4560; x_wconf 88' lang='lat' dir='ltr'><strong>illum</strong></span> <span class='ocrx_word' id='word_1_370' title='bbox 604 4498 751 4578; x_wconf 86' lang='lat' dir='ltr'><strong>pristinum</strong></span> <span class='ocrx_word' id='word_1_371' title='bbox 779 4500 883 4560; x_wconf 81' lang='lat' dir='ltr'><strong>statum</strong></span> <span class='ocrx_word' id='word_1_372' title='bbox 909 4497 1162 4656; x_wconf 53' lang='grc' dir='ltr'><strong>,ορροεῑιιιιιέὅῗεθ</strong></span> <span class='ocrx_word' id='word_1_373' title='bbox 1183 4496 1329 4573; x_wconf 85' lang='lat' dir='ltr'><strong>praesenti</strong></span> 
     </span>
    </p>
   </div>
   <div class='ocr_carea' id='block_1_4' title="bbox 0 0 1478 4986">
    <p class='ocr_par' dir='ltr' id='par_1_12' title="bbox 0 0 1478 4986">
     <span class='ocr_line' id='line_1_43' title="bbox 0 0 1478 4986; baseline 0 5"><span class='ocrx_word' id='word_1_374' title='bbox 0 0 1478 4986; x_wconf 95' lang='lat' dir='ltr'><strong> </strong></span> 
     </span>
    </p>
   </div>
  </div>
 </body>
</html>
