2948 4986
466 185 669 252 nncnnslo
693 188 915 253 uenenum.
1239 193 1317 266 413

60 358 155 420 solum
177 365 296 439 propter
319 365 481 439 corruptam
505 360 552 422 hie
575 363 634 424 illie
657 363 845 441 scripturam,
869 381 944 444 quae
966 361 1070 425 ieiellit
1083 363 1239 444 aliquoties
1256 366 1317 426 Ba·

60 462 153 537 dium,
187 463 238 522 sed
263 463 338 542 quod
361 468 416 524 tam
442 465 566 526 dillieilis
589 470 676 544 pocta
699 463 773 528 Cato
795 471 864 537 est,
888 470 920 527 ut
943 484 998 526 non
1021 468 1149 545 potuerit
1171 469 1199 527 in
1222 469 1316 529 orornia
1385 524 1390 530 ,

61 569 227 642 penetrare.
276 566 428 627 Praeterea
459 585 519 626 eam
543 569 572 627 in
596 568 776 629 contexenda
800 568 963 647 periphrasi
987 587 1041 630 sua
1063 569 1239 650 diligentiam
1262 571 1315 631 ad-

59 666 176 740 hibuit,
202 687 275 749 quae
299 669 394 745 uragis
417 670 516 748 pueris
540 689 621 751 quam
646 671 717 731 viris
741 671 820 733 utilis
843 677 900 733 est.

128 873 224 934 Habui
254 877 358 950 etiam,
390 878 471 936 ardus
501 876 634 954 ileyuius
665 877 834 939 urerrtionem
862 878 946 955 iacit,
977 877 1104 939 libellum
1132 898 1158 938 s.
1190 877 1211 938 l.
1234 882 1264 940 et
1285 896 1313 939 a.

58 982 121 1038 oet.
145 977 193 1038 vel
224 981 252 1037 l.
284 980 351 1038 mim
382 978 486 1039 litteris
514 978 643 1055 gothicis
679 981 864 1058 impressum,
899 999 954 1061 quo
984 981 1165 1042 continentur
1198 979 1312 1058 Culex,

57 1081 169 1154 Dirae,
194 1080 247 1141 Vir
270 1082 387 1156 Bonus,
412 1081 447 1141 de
470 1082 556 1158 ludo,
582 1082 616 1141 de
639 1083 743 1159 liuore,
767 1084 804 1142 rie
828 1101 937 1144 venere
954 1088 980 1144 ia
999 1085 1084 1160 rino,
1108 1085 1143 1145 de
1165 1084 1262 1145 littera
1279 1104 1313 1163 y,

59 1189 201 1263 excerpta
226 1203 262 1245 ex
298 1185 436 1260 Horatio,
466 1184 620 1260 iuvenale,
653 1186 772 1257 Persio,
803 1188 993 1262 fragmentum
1022 1186 1105 1246 Ennii
1128 1206 1166 1247 cx
1189 1189 1314 1266 septimo

57 1287 215 1348 Annalium
239 1287 305 1347 illud
330 1289 404 1368 (puori
438 1288 551 1349 Gellius
573 1288 643 1350 Xll.
668 1309 710 1349 rr.
741 1292 946 1365 conservavit,
978 1308 1088 1350 carmen
1119 1290 1229 1351 Fratris
1252 1292 1314 1351 Ba-

57 1394 151 1469 ptiste
172 1392 323 1452 Mantuani
353 1392 538 1454 Car-ruelltae.
589 1389 712 1455 Curarit
745 1392 892 1454 Adrianus
924 1388 1117 1454 Cornelianus
1145 1390 1313 1466 Gratidius,

58 1495 142 1553 cuius
165 1494 194 1554 in
219 1493 301 1554 titulo
325 1493 390 1554 iibri
419 1498 593 1574 epigramma
623 1499 670 1555 est
702 1495 736 1554 ad
768 1496 940 1554 iuuentutem
957 1493 1099 1555 honarum
1122 1495 1223 1556 artium
1247 1501 1314 1557 stu-

57 1596 178 1658 diosam.
224 1598 313 1658 Posui
337 1596 393 1658 hoe
415 1598 498 1666 luco.
531 1599 659 1679 querulam
689 1597 716 1657 in
741 1598 820 1683 Diris
843 1616 965 1676 prorsus
993 1599 1131 1660 convenit
1160 1596 1314 1662 Crunflitin

57 1717 121 1760 curu
144 1700 310 1775 Ascensio,
334 1703 498 1782 etquidem
521 1718 582 1761 cum
607 1702 790 1762 ascensiana
811 1699 835 1760 1.

129 1905 323 1987 Virgilius
347 1908 395 1968 Al
402 1906 451 1968 di.
497 1905 550 1966 Sic
573 1905 688 1984 appello
712 1906 872 1982 Virgilium„
888 1905 976 1983 Aldl‚
995 1907 1164 1985 impressum
1182 1908 1313 1988 octonis,

55 2007 164 2070 litteris
188 2009 360 2079 minorihus,
392 2029 465 2090 quas
488 2015 639 2069 currentes
662 2015 783 2080 vocant,
808 2010 1110 2091 fllflfflilldjlldlill·
1162 2011 1238 2072 Puto
1261 2030 1313 2073 rc-

54 2113 223 2191 petitiouem
247 2130 315 2172 esse
339 2111 456 2188 Virgilii
474 2111 572 2172 Aldiol
591 2115 684 2172 1501.
708 2131 769 2173 eam
781 2156 792 2188 ,
818 2115 899 2173 euius
921 2114 1027 2173 mentio
1049 2113 1125 2192 apud
1150 2112 1311 2191 lleyninm:

55 2214 114 2275 elsi
138 2212 194 2274 hoc
216 2233 321 2275 novum
345 2197 624 2291 eslf‘niff'fahor]
651 2215 726 2295 quod
751 2233 825 2275 nuno
847 2217 946 2291 trado,
979 2216 1091 2276 adiecta
1114 2235 1183 2276 esse
1205 2217 1233 2276 in
1257 2216 1339 2303 hap„

56 2319 232 2411 repetjgiupe
254 2318 414 2396 sspurseula.
456 2319 601 2379 Praefatio
625 2317 697 2378 hace
719 2324 787 2379 est:
817 2327 937 2381 nhilvs
957 2327 1158 2381 8111110018.
1177 2328 1207 2381 S.
1269 2319 1310 2380 P.

61 2419 98 2483 V·
123 2421 170 2482 M.
194 2420 358 2482 Bucolica.
381 2421 545 2500 Georgica.
577 2420 717 2482 Aeneida
744 2425 983 2485 accuratissime
1004 2427 1162 2504 recognita
1185 2426 1311 2484 curaui·

54 2544 122 2586 mue
146 2525 280 2586 secundo
303 2526 501 2606 informanda
527 2528 641 2606 paruis
665 2525 897 2587 characteribus
931 2529 1069 2602 uostris,
1104 2536 1137 2586 ut
1169 2527 1312 2588 commodi

53 2627 144 2690 uehis
169 2605 309 2709 quamuis
333 2628 427 2707 torpa
451 2632 506 2689 utra
529 2632 664 2689 coruites·
674 2629 788 2709 foreat.
834 2628 1021 2691 Addidimua
1045 2629 1366 2745 ⁶⁸5VV2.Q⁶,QP
1391 2672 1398 2688 ,

54 2742 117 2792 tam
141 2751 205 2813 pua
227 2734 259 2792 iu
282 2735 437 2792 iuuentute
456 2739 554 2812 poeta
576 2736 761 2812 composuit,
787 2728 856 2813 pud
880 2752 945 2813 puae
968 2732 1035 2794 illis
1057 2735 1178 2793 inserta
1194 2732 1311 2794 hudea-
1360 2710 1399 2821 ip.
1412 2676 1457 2797 ‘d

53 2843 115 2894 tur.
161 2836 204 2896 Et
227 2853 402 2917 puuapuom
425 2833 576 2920 ‘’VQEV
600 2853 658 2895 uon
681 2834 878 2897 censebamus
908 2836 1003 2914 digna
1037 2837 1223 2911 enchiridio,
1257 2845 1312 2896 ta·
1358 2826 1457 2905 (slafe.

55 2956 122 2997 mea
144 2937 248 2998 multis
272 2937 404 2997 assiduo
427 2913 559 2999 e'dnuitio
583 2937 832 3017 efflagitantibus
851 2938 998 2999 addenda
1012 2959 1050 3000 ea
1067 2940 1135 3019 iope
1150 2942 1311 3016 iussimus,

54 3051 88 3102 ut
108 3056 168 3121 pro
189 3042 280 3101 unius
305 3042 426 3122 cuiusp3
450 3040 580 3101 arbitrio
600 3043 747 3123 separari
761 3051 901 3121 possent.
948 3042 1046 3130 Quam
1063 3053 1161 3104 autem
1179 3063 1219 3104 eu
1233 3063 1312 3125 opu-

55 3143 148 3205 scula
169 3145 360 3218 incorrecta,
384 3151 449 3226 atq3
474 3145 649 3231 deprauata
666 3153 876 3224 uagarentur,
898 3144 1050 3224 facillime
1072 3149 1103 3207 si
1126 3143 1172 3206 cu‘
1194 3151 1312 3209 nostris

55 3247 173 3308 collata
196 3266 218 3307 a
240 3245 329 3307 undis
351 3247 491 3326 suerint,
516 3252 718 3326 cognoscetis.
771 3245 887 3307 Valete.
933 3244 1035 3308 losoni
1058 3250 1182 3308 earnrina
1205 3250 1312 3309 minora

55 3352 86 3410 et
108 3347 258 3428 (lpuseulu
281 3350 390 3424 omnia,
421 3353 584 3430 quaesunt
608 3351 634 3408 ln
659 3349 782 3410 Venetis
805 3348 901 3409 Rubei
926 3353 955 3408 et
978 3349 1116 3424 lensoni,
1139 3349 1311 3426 vicentina,

54 3452 193 3532 reliquis,
216 3455 244 3513 et
267 3452 367 3512 eodem
391 3451 528 3532 pleraque
551 3452 667 3512 ordino:
692 3451 819 3530 lVlaphaei
846 3451 934 3526 Vegii
958 3449 1118 3510 Laodensls
1134 3449 1236 3524 Liber,
1251 3450 1311 3511 Al-

55 3556 123 3616 oinli
148 3554 283 3626 Versus,
306 3553 340 3615 lo
364 3553 481 3617 Obitum
505 3553 632 3631 Vergilii
656 3554 872 3632 (Tenuporihns
896 3552 1009 3630 laetis),
1032 3553 1147 3614 erudes
1169 3552 1285 3614 Hortuli
1296 3595 1308 3629 ,

54 3657 102 3719 lle
125 3657 202 3718 Vlno
225 3660 256 3718 et
284 3658 422 3735 Venere,
453 3657 499 3718 lle
526 3657 646 3726 Liuore.
675 3656 722 3717 De
744 3655 838 3719 Canto
872 3658 1017 3732 sirenum,
1046 3659 1105 3734 ete.
1162 3654 1311 3734 Opascula

54 3758 116 3828 hoc
135 3760 253 3820 ordine:
284 3761 339 3820 list
367 3766 397 3820 et
427 3777 500 3834 non,
536 3759 591 3820 Vir
620 3759 731 3835 honus,
765 3759 883 3836 Busae,
914 3757 1027 3835 Galen,
1055 3758 1161 3833 Dirae,
1192 3759 1309 3836 Aetna,

55 3860 152 3940 Giris,
175 3862 339 3935 Monetam,
370 3861 463 3940 Copa.
509 3861 625 3922 Desunt
647 3867 754 3923 tantum
785 3861 952 3953 catalecta,
982 3879 1074 3942 nequa
1097 3862 1233 3942 Priapeia
1255 3863 1313 3923 ad-'
1367 3862 1437 3915 t·

55 3966 116 4049 dita
145 3969 212 4026 sunt
246 3963 405 4044 exenrplarl
434 3982 507 4024 meo.
569 3964 673 4045 Neque
708 3950 905 4044 epistola'd'e
939 3946 1169 4043 orthographiae
1199 3967 1311 4026 ratione
1353 3961 1456 4050 aaa

56 4069 257 4145 adiecisset,
287 4087 369 4150 quam
392 4058 470 4130 'esse
500 4068 529 4128 in
553 4069 680 4145 Virgilio
705 4069 775 4130 Aldl
801 4073 893 4130 1501.
918 4070 1041 4128 testatur
1064 4067 1209 4145 Heyoios.
1256 4065 1311 4128 Ul·
1330 4068 1360 4139 i'··
1386 4054 1457 4151 fii

56 4174 124 4233 tlmo
146 4171 211 4232 loeo
225 4168 325 4250 Capu,
345 4171 392 4233 oui
408 4170 481 4232 haee
504 4172 636 4233 subiecta
659 4177 706 4234 est
719 4171 895 4234 admonitio:
919 4179 1039 4234 11018
1059 4178 1258 4233 0111110818.
1277 4179 1310 4235 θ.
1366 4234 1408 4279 Ὦ
1430 4154 1433 4159 ’

55 4274 226 4357 Sperabam
249 4271 370 4337 datum*
398 4274 487 4337 uehis
512 4275 657 4338 Culicem.
686 4279 842 4338 Aetnam·
858 4276 954 4336 Cirin.
977 4275 1079 4336 Diras
1108 4273 1237 4352 Vergilii
1259 4273 1310 4335 lu·
1342 4289 1349 4302 ¹
1413 4254 1456 4291 ‘²⁸'

57 4400 113 4441 suo
124 4421 136 4454 ,
172 4382 391 4454 correctiores,
422 4379 538 4441 haditis
569 4379 713 4440 alicunde
746 4377 915 4439 emendatis
945 4377 1092 4459 exemptio
1123 4376 1205 4459 pund
1235 4378 1310 4459 quia

56 4502 114 4545 nou
137 4481 241 4558 licuit,
269 4484 379 4564 quates
403 4482 704 4564 circumferebantur,
729 4482 878 4544 dedimus.
924 4481 1012 4562 Vapii
1030 4490 1197 4565 praetereo
1219 4479 1311 4544 litet-
