2948 4986
392 193 436 256 lN
458 191 627 257 vinnan
648 192 830 259 CATONIS
851 193 1058 259 wunsam.
1273 204 1350 272 ior

302 366 342 429 Ut
368 367 505 431 Trinium
524 368 630 448 furtim
652 369 710 430 eud
731 367 858 432 Latmia
880 389 965 433 aare
991 372 1134 450 relepene
1183 377 1185 380 ’

362 471 478 533 Dulcia
501 490 584 533 amor
605 491 681 553 pyro
704 472 832 535 ἄνασσαι
853 477 952 537 aerio.

107 571 255 652 Apollonii
277 572 384 636 Rhodii
410 576 506 635 mirum
533 576 679 635 inuentum
709 580 756 638 est
777 575 832 637 lv.
856 579 907 637 51.
930 595 996 657 sqq.
1026 595 1139 639 amores
1161 575 1352 655 Endymionis

107 695 164 740 cras
187 677 321 738 artificiis
343 686 488 754 magorum
503 678 722 753 coniungentis:
737 696 828 758 saepe
848 679 982 741 effecisse
995 681 1127 741 Medeam
1145 681 1352 742 incantationi-

106 781 175 857 bus,
193 783 226 842 ut
240 780 320 841 buna
339 781 540 841 recordaretur
551 798 692 856 amorum,
711 799 746 841 ac
758 781 947 844 descenderet
966 783 1001 844 ad
1016 784 1225 862 Endymionem
1243 783 1352 861 invita,

106 903 158 965 quo
170 886 255 962 ipsa.
271 883 395 959 Medea,
413 877 524 961 σκντιζη
541 877 591 940 ἔνι’
604 879 697 940 νυκτὶ
710 884 859 946 veneficiis
871 887 933 946 suis
947 905 1054 947 vacare
1067 889 1179 964 posset.
1203 885 1353 964 Apollonii
1442 895 1444 899 ’

106 986 196 1049 iocum
215 992 283 1049 ante
297 984 397 1048 ocutos
415 985 542 1048 babuere
565 985 687 1068 Quintus
700 987 766 1050 Suu.
776 987 816 1048 X.
829 991 902 1048 45⁴.
915 1008 981 1071 sqq.
1003 989 1124 1050 Nonnus
1137 987 1190 1050 iV.
1201 994 1275 1050 213.
1287 1008 1352 1070 sqq.
1396 1023 1409 1033 -

107 1090 202 1152 lineet
226 1097 319 1152 autem
338 1089 531 1168 Apollonius,
555 1091 679 1170 itemque
700 1089 896 1153 Callimachus
917 1093 945 1153 in
963 1092 1068 1168 Corma,
1090 1092 1198 1173 aliquid
1220 1093 1354 1154 ammoria

107 1195 234 1271 dignum.
279 1192 390 1271 Nempe
417 1191 626 1274 quaerebatur,
655 1194 795 1274 quomodo
823 1196 1001 1258 descendere
1029 1195 1066 1256 ad
1092 1197 1228 1257 amasium
1257 1195 1360 1272 buna,

107 1297 246 1377 simulque
267 1296 362 1356 oiiioio
384 1314 456 1371 suo,
478 1303 590 1357 noctem
612 1295 793 1376 iliustrandi,
817 1301 890 1360 satis
912 1301 1011 1360 iacere
1032 1304 1145 1378 posset.
1176 1300 1271 1361 Vides
1287 1299 1355 1380 quid

107 1400 301 1479 respondeant
324 1406 439 1477 poetae.
483 1399 563 1461 Luna
593 1400 786 1462 descendisse
814 1401 850 1462 ad
873 1402 1078 1480 Endymionem
1105 1403 1258 1482 putabatur
1279 1406 1353 1474 tum,

107 1523 187 1585 quum
202 1491 368 1565 deficiebat.
406 1501 496 1587 Quem
518 1503 659 1566 deiectum
682 1503 738 1565 alia
760 1506 933 1583 superstitio
953 1505 1088 1586 vulgaris
1107 1505 1144 1566 ad
1162 1505 1354 1566 veneticorum

107 1613 201 1682 artes,
226 1605 431 1668 Tbessaiarum
454 1607 592 1682 maxime,
615 1605 706 1668 innam
730 1609 811 1668 caelo
834 1608 1047 1687 deripientium,
1069 1608 1226 1669 referebat.
1256 1608 1356 1688 Aput·
1459 1604 1460 1608 ’

107 1709 203 1772 ionius
228 1710 340 1790 quidem
361 1709 514 1770 manifesto
537 1708 720 1771 obscuratam
742 1709 851 1790 tunam,
881 1710 911 1771 b.
935 1731 961 1774 e.
990 1730 1096 1792 corpus
1119 1711 1262 1785 caeleste,
1292 1712 1357 1773 dura

107 1821 233 1876 moratur
255 1813 331 1892 apud
354 1812 560 1891 Endymiouem
582 1812 664 1889 Dea,
688 1815 810 1890 cogitat.
841 1813 900 1875 Sed
924 1819 1017 1878 tamen
1039 1833 1096 1877 non
1118 1817 1237 1875 omnium
1259 1815 1357 1876 eadem

108 1918 204 1997 opinio
227 1917 291 1977 tuit.
337 1916 463 1977 Nuerunt
485 1916 533 1996 qui
555 1917 720 1979 commorari
742 1917 817 1997 apud
840 1919 1046 1997 idndymionem
1070 1918 1176 1984 Lunam
1199 1919 1304 1996 licam,
1327 1922 1357 1981 at

108 2027 211 2083 terram
228 2018 417 2081 ⁴nibilominus
439 2018 576 2079 illustrari
605 2018 710 2079 iunrine
731 2018 823 2080 iuuari
847 2021 1000 2098 tingerent.
1044 2020 1124 2082 luter
1146 2040 1218 2101 quos
1242 2023 1357 2083 Seneca

107 2121 275 2202 Hippolyto
298 2120 318 2183 i.
342 2120 362 2182 i.
392 2124 440 2203 qui
462 2123 546 2183 etiam
574 2140 705 2183 caussam
727 2123 1007 2206 explicationemque
1036 2124 1133 2201 addit,
1163 2143 1218 2186 non
1241 2127 1356 2204 inepte,

108 2231 140 2288 ut*
157 2245 213 2305 pro
237 2223 294 2287 bnc
316 2231 419 2304 poeta,
443 2225 660 2302 excogitatam:
682 2227 920 2289 Arsit-odseari
942 2227 1003 2288 deu
1025 2229 1115 2289 clara
1136 2229 1239 2289 mundi
1256 2229 1358 2290 Nocte

109 2330 252 2405 macuta,
281 2329 459 2413 nitidusque
488 2330 586 2408 fratri
634 2329 780 2392 Tradidit
809 2351 918 2394 currus
942 2331 1035 2393 nitier
1055 2332 1217 2411 rependoe.
1262 2331 1356 2409 Aliis,

109 2438 137 2495 ut
159 2433 308 2497 Nicandro
330 2451 377 2512 ap.
400 2432 527 2510 Etymoi.
552 2431 595 2493 iu.
620 2452 650 2494 r.
672 2427 851 2512 Ἀσὲληνα,
874 2435 948 2496 satis
971 2437 1044 2511 erat,
1066 2436 1107 2495 ita
1124 2436 1227 2495 iactum
1249 2435 1356 2511 tuisse3

110 2537 251 2618 quomodo
273 2539 375 2598 iactum
404 2539 504 2615 essct,
535 2554 590 2597 nou
618 2538 810 2618 iuquirebant.
856 2537 1008 2616 Apponam
1039 2537 1148 2599 iocum:
1179 2533 1382 2615 Ἁσὲληνα·’

111 2628 168 2719 ὅρη
194 2632 281 2696 οὕτω
307 2632 510 2710 καλούμενα·
543 2631 623 2716 ἅπερ
656 2634 686 2698 ni
709 2635 770 2711 μὲν
799 2632 887 2717 παρὰ
916 2632 975 2719 τήν
1005 2639 1152 2714 Τραχῖνα
1182 2635 1354 2718 εἰρῆσθαι,

110 2741 154 2814 αἷς
174 2736 319 2812 Ῥειανὸς
341 2739 376 2801 ἐν
398 2739 443 2820 τῷ
465 2737 813 2825 τεσσαρεσκαιδικάτῳ
826 2738 1040 2821 Ἡρακλείας·
1061 2741 1246 2822 Νίκανδρος
1270 2739 1306 2802 δὲ
1323 2739 1358 2802 ἕν

111 2853 180 2917 ταῖς
201 2844 389 2915 Αἰτωλοῖς·
420 2837 486 2915 ὅτι,
513 2843 631 2924 φησιν,
661 2842 695 2906 ὲν
718 2841 832 2918 αὐτοῖς
853 2847 911 2929 τῆς
933 2841 1079 2925 Σελήνης
1100 2847 1145 2929 νῷ
1164 2843 1358 2922 Ἐνδυμίωνι

110 2947 423 3030 ααγκαθεαὸονὶσης,
457 2950 629 3024 συνέβαινε
660 2944 739 3020 τούς
768 2940 887 3022 ἄλλους
908 2948 1028 3021 τόπους
1051 2947 1230 3032 α’σελήνανς
1248 2941 1355 3023 εἶναι,

110 3053 167 3114 καί
193 3049 238 3133 μή
268 3053 422 3130 μετέχειν
450 3050 572 3132 φωτός.
623 3054 824 3133 Festinantem,
852 3062 993 3137 utputo,
1026 3057 1206 3136 Syiburgius
1234 3058 1359 3120 coniecit

110 3156 143 3218 ἐν
174 3163 243 3227 τοῖς
271 3155 493 3227 Αἰτωλικαῖςι
527 3178 584 3220 non
615 3160 730 3221 viderat
758 3163 893 3240 opposita
922 3163 998 3224 inter
1024 3180 1059 3223 se
1087 3179 1156 3222 esse
1184 3155 1271 3238 παρὰ
1299 3154 1357 3238 τήν

111 3263 278 3342 Τραχῖνα,
302 3267 332 3325 ct
355 3260 389 3321 ἐν
411 3267 480 3331 ταῖς
502 3259 682 3330 Αἰτωλοῖς.
726 3263 847 3345 Neque,
871 3265 898 3324 si
915 3266 1059 3329 Aetolica
1081 3265 1219 3327 Nicandri
1240 3264 1358 3327 laudare

110 3367 271 3445 uoluisset,
294 3367 338 3429 sie
360 3370 529 3446 scripturum
550 3367 860 3447 tuisseidtymoiogum
882 3373 968 3447 puto,
992 3365 1026 3425 ἐν
1047 3372 1117 3436 τοῖς
1134 3365 1355 3443 Αἰτωλικοϊς,

109 3473 163 3533 sed
186 3473 251 3532 sine
273 3470 408 3544 articulo,
440 3470 489 3532 vei
518 3473 601 3533 etiam
625 3471 722 3534 addito
747 3489 809 3531 cum
832 3489 946 3532 nonrero
969 3470 1044 3531 iibri.
1089 3471 1246 3548 Praeterea
1268 3477 1357 3535 vete-

110 3594 169 3636 rem
191 3573 342 3653 Apoiiocii
365 3576 547 3653 interpretem
570 3573 591 3635 Ι.
614 3573 634 3635 i.
657 3575 711 3637 iv,
736 3580 787 3636 57.
818 3576 976 3635 conterenti
1002 3572 1089 3636 valde
1110 3575 1248 3635 incertum
1270 3576 1356 3638 vide-

110 3680 208 3752 bitur,
240 3695 277 3739 aa
307 3679 335 3738 iu
358 3677 504 3739 Aetolicis
533 3678 602 3740 iliud
631 3680 767 3757 seriptum
796 3677 980 3753 aNieandro
1008 3678 1112 3753 fuerit,
1144 3677 1218 3756 quod
1248 3680 1357 3757 profert

110 3780 315 3862 Etymoiogus.
366 3783 418 3842 Bis
449 3785 561 3843 enima
589 3783 676 3842 docto
705 3782 866 3859 interprete
893 3777 942 3841 iiio
972 3779 1119 3841 Nicander
1148 3778 1292 3860 laudatur,
1323 3777 1357 3841 ἐν
1461 3785 1464 3791 ’

111 3883 253 3964 δευτέρῳ
276 3882 492 3962 Αἰτωλικῶν,
524 3889 554 3948 et
582 3883 617 3942 ἐν
640 3881 780 3960 δευτέρῳ
804 3877 976 3959 Εὐρώπης.
1010 3884 1118 3947 Verum
1140 3882 1189 3944 iiio
1211 3884 1276 3947 ioco
1293 3887 1357 3948 En-

110 3990 256 4070 dymionis
277 3989 400 4052 inbutam
419 3989 588 4068 exponebat
604 4006 682 4062 eam,
706 4004 780 4068 quae
799 3987 873 4065 apud
891 3985 1048 4047 Hesiodum
1065 3989 1134 4067 fuit,
1158 3990 1187 4049 in
1209 4006 1265 4071 qua
1286 3989 1355 4051 nihii

109 4094 147 4157 de
169 4094 260 4156 buna.
304 4092 399 4175 Quare
421 4091 507 4152 mutto
535 4093 598 4152 veri
621 4094 667 4152 est
689 4088 824 4165 similius,
852 4089 969 4152 aiterum
998 4109 1037 4152 ex
1059 4093 1193 4173 Europa,
1223 4093 1272 4156 vei
1294 4095 1356 4155 iiu-

108 4198 215 4278 ropia,
236 4196 326 4257 iocum
348 4201 416 4258 ante
439 4195 540 4259 nonios
561 4194 739 4274 Etymniogo
761 4195 871 4271 tuisse,
898 4213 953 4275 quo
976 4192 1042 4255 inco
1065 4196 1101 4257 de
1123 4196 1220 4259 bunne
1242 4201 1272 4259 et
1294 4198 1356 4259 iin-

109 4302 255 4380 dymiouis
275 4300 421 4361 amoribus
444 4300 548 4376 egisse
569 4296 741 4359 Nicandrum
764 4297 874 4359 diserte
896 4287 1020 4360 testatur
1040 4299 1185 4378 interpres
1196 4299 1354 4378 Apciiouii.

108 4404 144 4471 lu
165 4402 284 4467 Aetolis
306 4407 400 4465 autem
421 4403 514 4464 tuisse
533 4396 710 4477 Ἀσὲληναν
731 4402 867 4478 montem,
890 4399 940 4462 vei
964 4387 1022 4479 ὅρη
1043 4394 1218 4479 ³Antiqua,
1242 4408 1357 4466 constat

109 4509 198 4575 etiam
218 4506 311 4571 utero
331 4505 473 4578 Nicandri
495 4505 675 4580 testimonio,
705 4501 859 4567 Tberiaois
882 4524 913 4565 v.
935 4508 1010 4566 215.
1039 4501 1210 4576 Ῥυααῑον,
1242 4496 1356 4585 Κόρα-
