2948 4986
111 162 189 267 416
497 158 505 175 ··
561 156 839 222 oussuounmo
863 159 922 223 111
962 174 965 179 <

110 329 321 393 Ascensianam
343 327 368 390 l.
392 334 423 392 ut
444 347 526 412 quam
548 349 566 391 a
588 329 780 393 Thiolmnnno
804 330 1013 412 imprimendam
1036 331 1207 395 curavisset
1213 375 1226 409 ,
1251 350 1306 395 nnn
1327 350 1361 394 rx

110 452 164 496 sua
186 434 251 513 ipse
273 433 389 494 officina
411 434 569 497 emisisset

175 641 323 702 Aldina
342 639 369 700 Ι.
415 638 467 701 Sic
481 637 556 701 banc
570 638 750 719 appellamus
766 639 976 719 Oposculorum
993 628 1211 722 carminumque
1234 641 1361 702 minorum

111 743 279 820 editionem,
314 761 388 823 quae
417 742 510 821 probe
541 742 746 819 distinguenda
776 750 823 804 est
852 761 870 804 a
907 743 1036 821 Virgilio
1068 743 1138 805 Aldi
1170 744 1272 825 paullo
1301 748 1361 805 autc

16 836 338 907 ωΜιτο1111111111111110.
384 842 557 906 Aldinael.
582 845 629 906 bic
651 846 771 907 titulus:
807 848 1012 909 Diversarum
1040 847 1178 910 Veterum
1202 847 1362 910 Poetarum

3 949 51 1043 {p
109 950 147 1011 ln
173 951 321 1032 Priapum
345 947 462 1010 Lucus.
507 948 547 1010 P
578 949 612 1011 V.
632 949 680 1010 Μ
705 951 880 1013 Catal.ecta
906 953 1002 1033 Capu.
1027 951 1145 1013 Ranae.
1170 952 1360 1014 01115.Βὶ-

8 1135 11 1139 ·
108 1073 174 1113 rae.
200 1054 359 1115 Moratum
386 1055 480 1114 Ciris.
531 1053 643 1113 Aetna.
667 1054 782 1132 Elepia
804 1055 843 1115 Ia
867 1055 1060 1117 Meeoeaatr'o
1077 1053 1209 1117 Clitum
1234 1056 1277 1117 Idt
1293 1056 1361 1117 Alia

3 1140 8 1153 ¹
39 1134 89 1169 ω
108 1158 286 1239 Nonnulla,
326 1157 414 1243 Quae
437 1157 534 1220 Falso
563 1157 686 1239 Vtrpttit
713 1158 897 1220 Credantur.
948 1152 1138 1239 Arpumenta
1165 1159 1206 1220 Im
1245 1158 1361 1240 Vtrptttt

66 1253 68 1255 ’
109 1260 244 1336 libras,
268 1261 311 1322 Et
333 1262 411 1323 Alia
434 1262 639 1324 Diversarum
662 1261 838 1343 Complura.
891 1259 923 1322 ln
955 1261 1010 1322 sinc
1033 1260 1119 1322 libri:
1156 1261 1296 1325 Venetiis
1329 1263 1361 1324 ln

108 1364 247 1439 Aedibus
286 1365 364 1426 Atat
399 1367 442 1427 Et
474 1366 621 1428 Andreae
647 1367 755 1428 Soceri
789 1363 905 1426 Menae
935 1364 1098 1426 Decembri
1142 1376 1190 1429 M.
1208 1377 1247 1429 o.
1267 1379 1359 1430 XVii.

107 1467 254 1528 Praelatio
277 1467 409 1529 breviter
431 1473 536 1530 tractat
558 1469 595 1529 de
618 1469 673 1545 iis,
697 1487 771 1549 quac
794 1468 869 1528 ialso
892 1468 1053 1541 tribuantur
1077 1467 1224 1546 Virgilio,
1248 1473 1361 1533 tumltu

108 1573 226 1649 pergit:
272 1572 316 1633 Et
342 1573 420 1633 laea
449 1572 564 1647 aratam,
594 1580 624 1632 et
654 1591 693 1632 ea
726 1592 807 1654 puae
835 1570 892 1633 aad
929 1572 1053 1651 Vtrpttit
1084 1576 1205 1636 maniae
1226 1576 1359 1636 edimur:

107 1674 331 1736 eruendauimuc
354 1695 411 1736 aaa
436 1675 553 1757 quidem
576 1675 702 1736 collatio
732 1674 875 1756 plurilus
898 1695 979 1737 more
1007 1684 1112 1738 nostro
1135 1675 1359 1760 eae‘plaridus,

107 1777 183 1839 nibil
204 1787 313 1839 temere
335 1781 531 1840 inuertentes.
555 1795 624 1862 nep3
656 1777 690 1838 iel
711 1775 753 1838 tn*
775 1778 910 1860 inficiari
942 1779 1097 1854 uolumus,
1125 1782 1225 1843 multa
1257 1785 1288 1843 in
1314 1783 1359 1844 lis

108 1879 237 1954 deesse,
262 1882 356 1941 multa
378 1881 521 1942 mendose
549 1881 621 1961 lapi.
653 1881 722 1943 Nos
754 1901 834 1963 puae
862 1885 1015 1963 potuimus
1048 1887 1293 1963 praestitimus:
1326 1905 1361 1947 aa

106 1991 168 2044 tam
190 1983 286 2044 multa
308 1986 561 2062 eastipaaimus,
587 1993 620 2045 ut
648 1988 750 2068 siquis
774 1985 948 2046 tantundem
969 1970 1101 2064 fecerit,
1127 2007 1237 2068 pauca
1260 1989 1360 2050 admo-

108 2086 176 2147 dum
200 2087 347 2166 aefutura'
374 2087 547 2148 uideantur.
582 2087 792 2163 emendatiora
822 2090 908 2148 nacti
936 2084 1000 2149 aad
998 2087 1108 2168 pluria
1113 2129 1125 2164 ,
1155 2091 1361 2177 emendatiora

108 2190 265 2265 dabimus,
307 2200 363 2250 aut
390 2189 449 2250 alii
473 2180 622 2271 ¹fortasse
654 2212 676 2253 a
704 2191 791 2252 nodia
825 2193 955 2252 excitati
989 2194 1021 2252 ia
1049 2190 1082 2252 id
1111 2193 1294 2254 incumbent.
1325 2214 1360 2236 -·-

107 2291 187 2354 Sane
211 2308 313 2352 nouam
338 2290 411 2352 hauc
435 2295 631 2354 recensionem
655 2313 741 2370 essc,
771 2311 888 2375 eamque
920 2293 1021 2363 talem.
1057 2312 1215 2375 quaenon
1238 2296 1363 2375 poluerit

107 2397 171 2455 sine
196 2394 278 2455 libris
302 2395 420 2474 scriptis
445 2395 528 2470 lieri,
550 2396 750 2473 crederemus,
770 2397 882 2458 etiamsi
907 2415 961 2457 uon
986 2396 1095 2458 diserta
1118 2398 1316 2474 significatum
1327 2401 1360 2461 ab

107 2498 219 2558 editore
241 2501 333 2558 esset.
378 2497 437 2558 Sed
461 2505 645 2558 monstratum
669 2503 715 2560 est
738 2501 822 2561 etiam
846 2502 1011 2561 coniectura
1035 2501 1184 2562 admodum
1209 2501 1361 2583 probabili,

105 2600 154 2663 vel
179 2602 291 2681 potius,
316 2605 346 2662 ut
369 2601 504 2679 videtur,
528 2601 735 2663 observatione
758 2603 932 2667 verissima.
956 2603 993 2664 ab
1017 2602 1142 2665 Nicolao
1167 2604 1296 2668 Heinsio
1318 2626 1360 2685 ap.

105 2705 258 2766 Bmmauu.
285 2702 383 2783 Epist.
417 2703 452 2764 ad
481 2704 625 2782 Hoppium
654 2725 684 2783 p.
707 2727 769 2766 mv.
795 2710 825 2766 et
848 2705 883 2765 ad
905 2706 1003 2769 Dirar.
1027 2726 1058 2767 v.
1083 2713 1134 2769 lo.
1160 2714 1214 2770 70.
1240 2715 1314 2771 102.
1336 2714 1363 2769 11

105 2807 323 2868 accuratissime
345 2806 383 2867 ab
408 2806 525 2885 lleynio
555 2807 686 2869 Prooem.
721 2809 750 2868 in
784 2806 929 2882 Culicem,
958 2810 1040 2870 cuius
1073 2811 1198 2872 maxime
1221 2811 1288 2874 libri
1311 2831 1361 2892 ope

106 2909 254 2979 emendata
277 2910 318 2970 sit
342 2909 448 2971 Aldina
471 2908 495 2971 l.
542 2910 666 2972 Scilicet
696 2929 781 2991 quum
810 2912 864 2972 lam
895 2915 981 2973 antea
1008 2910 1106 2973 Aldus
1136 2915 1166 2974 lu
1189 2917 1361 2994 repetitione

105 3010 227 3086 Virgilii
243 3029 269 3071 a.
290 3015 382 3072 1501.
405 3010 532 3072 daturum
555 3030 588 3072 se
611 3030 679 3073 esse
702 3012 824 3089 Virgilii
847 3001 944 3091 lusus,
968 3015 986 3075 l.
1006 3014 1199 3093 aculione,
1222 3017 1359 3096 Aetnam,

107 3111 203 3184 Ciriu,
226 3113 328 3191 Diras,
353 3131 392 3174 ex
415 3113 572 3175 emendatis
596 3113 740 3194 exemplis
763 3119 957 3178 correctiores
979 3119 1186 3197 speravisset,
1210 3138 1295 3201 quem
1311 3121 1358 3182 ‘lo-

107 3235 168 3278 cum
198 3233 251 3276 nos
279 3214 377 3295 p'aullo
404 3219 472 3276 ante
500 3216 687 3295 protulimus3
718 3218 821 3279 deiude
849 3239 931 3301 qurum
962 3221 1034 3281 idem
1056 3220 1154 3285 Aldus
1177 3222 1358 3286 Praelatioua

106 3319 143 3382 ad
168 3320 304 3395 Benrbum
333 3318 460 3395 Virgilio
490 3337 517 3379 a.
551 3324 642 3380 1511.
672 3323 841 3400 praeposita
869 3324 1016 3402 promittat
1044 3341 1077 3384 se
1110 3323 1195 3387 lusus
1227 3326 1356 3406 Virgilii,

107 3443 181 3505 quos
204 3422 253 3483 ille
275 3422 380 3484 babeat
403 3423 632 3483 correctissimos
645 3467 654 3499 ,
690 3428 746 3484 tom
775 3425 914 3486 editurum
944 3445 1030 3502 csse,
1060 3427 1085 3486 si
1114 3445 1168 3488 cos
1193 3431 1356 3509 acceperit:

106 3526 174 3608 quid
198 3527 291 3602 magis
315 3523 454 3586 credibile
477 3528 634 3605 estquam
669 3527 768 3588 llenrbi
798 3530 925 3591 codicem
954 3549 1039 3609 esse,
1070 3549 1110 3591 cx
1138 3548 1198 3611 quo
1221 3533 1357 3594 emendati

106 3634 175 3689 sunt
196 3629 224 3688 iu
248 3627 355 3688 Aldina
377 3626 400 3687 l.
425 3625 506 3687 lusus
532 3621 596 3688 illi‘d
623 3629 750 3691 Accedit
772 3633 847 3713 quod
872 3637 980 3712 perlem
1004 3651 1120 3708 eorum,
1145 3652 1221 3715 quae
1245 3637 1357 3699 suntin

106 3731 216 3793 Aldina
238 3730 261 3790 l.
284 3728 462 3806 singularia,
485 3730 551 3809 lpse
573 3747 612 3790 ex
635 3732 737 3793 codice
759 3753 813 3795 suo
827 3735 953 3797 llcmbus
976 3735 1095 3815 protulit
1107 3736 1174 3798 lib.
1193 3738 1231 3800 de
1252 3737 1355 3802 Culleo.

105 3832 240 3915 Denique
262 3832 368 3914 aliquid
390 3833 526 3894 llembum
548 3834 649 3912 scripti
672 3837 883 3916 suppeditasse
897 3837 976 3898 Aldo
1001 3837 1122 3914 vulgata
1145 3839 1203 3901 iam
1227 3841 1355 3904 illolcu-

104 3956 178 4018 pore
201 3939 273 3998 lama
296 3940 374 4014 erat,
399 3942 429 3999 ut
452 3939 643 4015 cognoscitur
665 3957 704 4000 ex
727 3940 966 4020 inscriptionibus
981 3940 1136 4003 editionum
1150 3943 1353 4019 nonnullorum,

105 4040 238 4103 Venetae
260 4039 344 4102 Scol.
372 4045 464 4101 1555.
493 4046 523 4103 el
552 4040 670 4102 aliarum
698 4042 772 4121 apud
803 4043 960 4121 Heynlum.
1006 4041 1051 4106 Cl.
1076 4063 1167 4123 supra
1191 4046 1229 4107 de
1254 4042 1355 4110 Codice

104 4144 259 4219 liembino,
283 4147 314 4205 et
336 4164 365 4224 p.
389 4148 463 4205 332.
487 4144 573 4205 dicta.
619 4144 702 4229 Quod
733 4144 843 4227 reliqua
865 4147 985 4221 attinet,
1008 4165 1091 4228 quum
1114 4146 1204 4210 multa
1226 4149 1355 4228 legantur

104 4247 134 4306 ln
156 4247 281 4324 Aldina,
306 4266 379 4329 quae
403 4247 444 4308 ita
466 4247 575 4326 scripta
598 4248 690 4308 luisse
712 4249 741 4309 in
764 4249 864 4309 codice
879 4248 980 4308 Bembi
1004 4250 1058 4310 vix
1081 4248 1134 4310 tibi
1158 4255 1353 4330 persuadeas:

105 4347 202 4429 qualia
224 4353 254 4411 el
276 4351 303 4409 ln
322 4347 424 4411 Colice
447 4349 645 4429 inveniuntur,
670 4351 717 4412 ubl
741 4350 892 4412 lectionem
916 4349 1051 4413 Aldiuam
1073 4370 1130 4412 uon
1155 4372 1224 4415 raro
1249 4358 1353 4419 dillerm

106 4451 144 4513 ab
167 4470 219 4533 ee,
241 4472 323 4534 quam
346 4453 473 4515 bembus
495 4452 654 4531 protulerat
677 4455 762 4533 ipse,
796 4455 967 4533 monuimus,
998 4459 1028 4518 et
1044 4455 1190 4521 nonnulla
1212 4460 1243 4523 ln
1267 4461 1359 4537 Diris,-
