2948 4986
195 192 274 265 Μ
603 188 606 193 ’
628 200 636 211 “
654 184 928 256 lilSSllllTA'l'lC
944 187 996 255 lll.
1013 212 1015 215 ·
1033 190 1054 232 ·'

197 382 313 446 quorum
336 363 450 426 nomina
471 363 599 444 ponebat
619 372 725 445 poeta,
747 375 924 450 sosptem,
946 364 996 428 vel
1016 376 1134 442 maaet,
1158 369 1217 430 tum
1238 385 1270 428 v.
1286 372 1360 430 310.
1381 365 1431 429 lala

194 468 266 551 qnid·
284 467 488 530 restituendum
510 469 654 530 ooniiolo:

365 571 600 656 Scipiadumque
624 573 735 649 duces,
759 593 889 657 -puomm
911 573 1023 636 devota
1044 576 1206 656 triumphis

367 675 495 738 Moesia
517 677 669 755 responsis
694 676 830 758 Lihpeae
858 677 1061 759 Curthupiais
1083 679 1215 740 horreat.

194 797 267 861 qnae
290 780 453 842 oonleotura
477 781 503 840 sl
527 781 572 840 oui
595 780 738 841 videatur*
757 782 833 840 iusto
856 768 1014 856 *andeolon
1042 783 1069 841 is
1096 779 1166 843 nihil
1195 800 1241 843 me
1270 782 1327 842 nisi
1357 801 1427 843 mon-

191 888 285 946 strare
307 883 438 945 voluisse
466 883 583 958 eredat,
613 883 679 964 quiri
710 883 799 944 scribi
822 888 949 964 aposta
977 886 1113 963 potuerit.
1170 883 1264 947 {lausi
1294 885 1368 947 illam
1390 904 1428 946 ex

189 984 337 1063 Virgilio,
368 985 445 1047 Aen.
469 973 528 1048 Vl.
559 987 631 1048 too.
660 986 765 1048 Huius
802 972 852 1049 im'
871 989 1033 1050 aduentum
1061 992 1123 1050 ium
1150 1009 1230 1051 auae
1256 999 1290 1052 et
1316 991 1427 1074 Caspia

189 1110 297 1171 repam.
341 1088 507 1169 Responsls
529 1087 647 1149 horrent
669 1091 787 1164 diuum,
811 1100 842 1153 et
865 1092 1006 1155 Maeotia
1022 1101 1052 1153 t.
1096 1089 1261 1155 collocatio
1285 1083 1426 1155 verhorun

189 1195 263 1259 satis
285 1194 383 1255 hona:
406 1193 570 1272 elegantior
592 1193 669 1254 foret
688 1192 767 1265 talis.
786 1194 917 1256 Horrent
935 1196 1087 1275 responsis
1101 1194 1232 1274 Libycae
1248 1194 1426 1274 Carthaginis

190 1315 287 1372 troes,
310 1296 360 1360 vel
382 1298 408 1359 si
429 1296 533 1359 liceret
553 1315 606 1376 per
629 1315 761 1375 versum,
784 1296 904 1360 Moenia
919 1297 1056 1377 ¹lrihyoae
1075 1294 1265 1376 Carthaginis
1286 1302 1425 1380 responsis

188 1399 324 1476 horrent,
343 1399 414 1479 rel,
438 1401 555 1462 llloenla
583 1399 711 1478 lhhyoar
739 1402 889 1489 responsis
918 1400 1111 1478 Carthaginis
1138 1400 1268 1465 horrent.
1292 1385 1424 1466 'Penele-

188 1508 295 1581 gunter
317 1505 440 1583 dietum,
465 1525 589 1587 puerum
610 1505 723 1567 devota
745 1507 905 1589 triumphis
912 1548 925 1583 ,
949 1505 998 1567 uhi
1019 1507 1182 1589 triumphis
1199 1506 1330 1569 dativus.
1374 1507 1425 1569 hli-

189 1627 249 1671 rum
271 1613 380 1686 antem,
403 1626 485 1689 qonrn
509 1606 586 1669 nollo
609 1606 667 1668 allo
690 1609 822 1669 earnrinis
844 1608 909 1672 looo
931 1610 1090 1689 temporis,
1114 1628 1170 1697 quo
1191 1609 1269 1672 haee
1286 1616 1356 1673 aeta
1370 1628 1425 1673 esse

190 1732 251 1775 oum
273 1716 393 1792 pastore
416 1714 446 1774 et
467 1712 561 1775 oulioe
584 1716 671 1792 poeta
694 1711 838 1788 voluerit,
863 1714 996 1776 indiciam
1018 1716 1074 1792 sit,
1097 1714 1215 1777 oulieem
1238 1713 1297 1776 hoe
1318 1714 1382 1777 loeo
1397 1715 1425 1774 rle

190 1803 307 1880 eseiiio
330 1812 522 1893 Carthaginis
545 1819 682 1898 tamqnam
704 1815 741 1876 de
763 1834 795 1876 re
817 1818 912 1878 lotura
934 1816 1023 1900 loqui.
1063 1817 1108 1880 ›1u
1133 1823 1245 1894 elego
1268 1823 1367 1881 statuo
1386 1818 1426 1880 illa

190 1921 357 1982 oonieotora
378 1937 455 1996 mea,
479 1923 510 1980 et
530 1924 598 1982 ante
619 1915 682 1996 me,
705 1924 838 2001 quantum
856 1920 1073 1992 video.'ta‚eite
1086 1926 1262 2001 aeceperunt
1275 1924 1334 1984 viri
1348 1922 1425 1984 danti

187 2023 227 2086 hit
248 2042 319 2085 sane
342 2041 416 2103 opos
438 2026 502 2096 ost,
533 2027 567 2086 at.
584 2024 742 2103 aoeipiator
773 2025 822 2104 ita.
874 2022 1020 2107 Quomodo
1048 2026 1121 2087 enim
1149 2031 1267 2088 ruoemiu
1295 2028 1425 2102 horreat,

190 2120 281 2209 quum
295 2127 391 2189 deleta
404 2124 599 2204 Carthagine,
623 2145 678 2187 noa
701 2126 821 2206 amplius
843 2128 951 2190 tuerint
969 2133 1088 2191 moesia
1110 2125 1339 2211 Carthupiais?
1366 2130 1426 2193 Pia-

190 2232 250 2294 oult
272 2231 312 2294 itu
333 2235 454 2309 poetae,
487 2231 670 2310 superstitem
693 2231 803 2307 hogero
825 2228 1052 2311 Carthaginem,
1088 2237 1119 2294 nt
1140 2235 1266 2315 speeiem
1290 2235 1426 2317 qnamdam

190 2335 369 2417 antiquitatis
392 2333 561 2395 oouoiliuret
576 2332 691 2394 iahnlae
709 2351 796 2412 suae3
820 2338 876 2396 tum
896 2335 931 2394 ad
950 2335 1109 2412 aagendam
1126 2335 1298 2412 (lignitatem
1318 2337 1425 2400 ouiiois:

190 2437 305 2500 soilioet
326 2437 418 2498 maius
440 2436 495 2498 hoe
518 2440 579 2509 est,
615 2437 764 2499 vaticinari
788 2436 905 2500 culicem
928 2437 964 2498 he
986 2440 1102 2500 excidio
1124 2436 1336 2517 Carthaginis,
1364 2459 1426 2524 qnae

192 2561 239 2604 res
263 2546 310 2603 est
332 2543 359 2602 in
382 2540 668 2604 omniltomunorom
698 2540 820 2602 historia
853 2537 1028 2622 gravisiima
1056 2560 1091 2602 ao
1113 2543 1250 2622 maxima,
1280 2563 1364 2626 qnam
1384 2563 1425 2607 re·

191 2646 268 2707 terre
290 2647 327 2707 de
349 2642 528 2723 Carthagine
551 2646 604 2705 iam
628 2644 732 2705 deleta.
777 2643 811 2704 Si
832 2648 924 2707 tamen
939 2643 1043 2726 aliquis
1063 2643 1148 2706 aliter
1165 2645 1224 2706 sihi
1239 2648 1427 2725 persuaserit,

193 2749 221 2812 ei
244 2749 299 2811 alia
322 2749 372 2810 ria
394 2748 559 2810 emendandi
582 2747 775 2826 ingredienda
797 2749 869 2825 erit,
899 2747 982 2809 talem
1002 2748 1063 2809 iere
1087 2749 1114 2809 ln
1144 2748 1274 2811 modom:
1311 2751 1427 2832 Scipia-

193 2855 315 2938 ulusque
335 2852 446 2929 duces,
471 2845 593 2938 quorum
614 2853 725 2914 deuota
739 2851 901 2932 triumphis
946 2852 1074 2914 Moenia
1094 2852 1282 2915 arunttnihus
1301 2855 1428 2938 hripum

192 2959 396 3037 Carthapiaio
418 2957 566 3019 horreat:
597 2961 626 3018 ut
655 2954 801 3032 significet
823 2962 911 3035 poeta
931 2959 1050 3018 moenia
1076 2957 1283 3038 Oarrtaptnts
1307 2962 1361 3022 iam
1380 2975 1426 3020 nou

193 3078 262 3122 esse
281 3063 418 3135 moenia,
442 3057 494 3120 sed
518 3058 626 3134 diruta,
649 3059 744 3119 obsita
762 3059 898 3140 squalore
910 3062 967 3122 ete.
989 3059 1042 3120 sed
1066 3064 1122 3129 tum
1142 3061 1172 3120 in
1195 3061 1300 3123 verbis
1317 3081 1427 3148 quorum

194 3164 309 3228 deuota
329 3165 490 3245 triumphis
512 3161 659 3223 ablativus
680 3163 751 3239 etii,
768 3164 842 3244 quorl
859 3165 952 3224 nrinos
968 3168 1074 3243 aptum.
1134 3161 1297 3227 Conolnsio
1309 3162 1425 3231 Culiois:

365 3266 474 3330 Parve
495 3267 601 3341 euleu,
623 3267 771 3347 peruiam
793 3273 899 3329 eustos
922 3266 979 3328 tihi
1000 3268 1065 3329 tale
1085 3269 1211 3329 moerenti

365 3371 496 3434 Funeris
519 3370 653 3452 offioium
665 3373 760 3432 ¹vitoe
779 3391 836 3454 pro
858 3391 978 3434 munere
998 3370 1111 3433 redrlit.

191 3477 231 3539 nt
253 3475 299 3537 sio
320 3474 532 3552 Augustanos,
557 3478 586 3535 et
608 3472 682 3534 haul
705 3474 791 3535 duhie
808 3473 965 3535 'l'huaneus
987 3479 1018 3536 et
1039 3473 1237 3550 Petavianns,
1261 3494 1347 3558 qoam
1366 3472 1423 3538 nti

193 3598 233 3641 ex
254 3577 301 3640 his
324 3579 353 3640 in
375 3579 506 3656 margine
528 3578 663 3640 editionis
687 3577 834 3654 Souligeri
857 3577 1041 3639 annotaverit
1062 3577 1200 3638 Vossius.
1233 3578 1344 3656 ¹Igitur
1359 3579 1423 3641 uate

193 3683 249 3762 sit,
272 3682 349 3764 quoti
371 3668 591 3744 Friesemannos
613 3684 703 3744 refert
714 3725 725 3758 ,
748 3683 861 3745 Paroa
882 3699 951 3742 esse
973 3681 1002 3741 ln
1014 3680 1192 3759 Potamiano,
1216 3683 1336 3761 ignoro.
1363 3683 1423 3746 tu-

192 3789 274 3848 tasse
295 3785 426 3848 Parvos
447 3786 502 3848 init
519 3787 547 3847 in
562 3782 746 3847 Petavlano:
770 3789 850 3848 oerte
870 3785 916 3846 sio
936 3785 964 3846 io
993 3785 1182 3862 Augustanos
1205 3786 1318 3851 Purus
1338 3809 1356 3851 e
1373 3803 1423 3850 on

193 3887 362 3967 oonrpemlio
392 3889 467 3969 quod
494 3910 533 3952 ae
560 3889 716 3966 signifieat.
767 3888 932 3952 Vossianus
961 3894 1012 3950 81.
1053 3888 1159 3953 desinit
1186 3890 1214 3951 in
1242 3910 1337 3954 versu
1362 3894 1423 3952 111.

193 3991 294 4052 verbis
315 3991 418 4072 fronte
444 3993 589 4054 toaatur:
621 3994 651 4054 nt
680 3991 776 4054 desint
804 4011 911 4054 versus
933 3989 1043 4054 Culicis
1073 3993 1212 4072 postremi
1241 3997 1319 4057 tres.
1339 3993 1422 4057 aestio

193 4111 259 4169 our,
281 4112 344 4154 nam
366 4093 488 4172 spatium
511 4098 646 4173 superesi
668 4095 696 4155 in
718 4095 828 4173 pagina
848 4114 982 4157 versuum
1005 4115 1083 4157 sex:
1106 4094 1176 4157 folio
1193 4108 1291 4160 autem
1308 4098 1421 4180 proxim

191 4198 293 4278 incipit
315 4196 419 4282 lilegla
441 4197 468 4257 in
491 4197 672 4260 Maecenatis
695 4198 812 4261 obitum.
863 4199 983 4278 Vulgo,
1006 4200 1062 4261 hoe
1083 4203 1130 4262 est
1147 4201 1179 4261 -in
1204 4202 1271 4262 aori.
1297 4201 1422 4264 Basilii

190 4301 244 4363 rei.
268 4303 387 4362 inverso
417 4301 540 4362 ordine:
564 4313 669 4365 eustos
690 4303 858 4385 pecudum:
881 4305 911 4365 at
932 4321 1001 4365 mox
1022 4304 1050 4364 in
1068 4301 1187 4364 diversa
1204 4299 1419 4368 riiseerlnailihn‘

190 4405 331 4482 vulgatae
353 4405 529 4483 scripturae,
563 4406 625 4465 dum
650 4402 717 4467 'coh
742 4404 920 4467 Basileonsis
944 4424 1006 4468 oum
1029 4406 1143 4471 Veneta
1165 4406 1295 4471 Aulestis
1317 4413 1347 4472 ei
1364 4406 1418 4470 nu
1466 4431 1468 4473 ι

190 4509 296 4572 tineosi
319 4507 385 4573 riti.
397 4505 519 4590 tenent,'
535 4507 650 4573 Veneta
667 4508 762 4596 Rubri
771 4556 780 4592 ,
803 4509 977 4591 vicentina,
999 4509 1164 4575 Vossianus
1174 4509 1217 4575 ll.
1238 4514 1287 4579 ait
1301 4511 1417 4578 blunt
1461 4537 1468 4602 p
