2948 4986
321 220 339 271 .·
408 309 409 312 ¹
469 210 706 279 ,necensln
728 212 953 279 brunonem.
1284 211 1365 286 dal

107 385 155 448 sit
174 388 372 448 commemorat
395 403 435 447 ex
458 386 595 463 margine
625 386 695 446 edit.
728 385 864 448 Bitboei:
893 385 987 449 Antb.
1010 387 1077 449 bat.
1100 385 1138 448 Τ.
1161 383 1185 446 l.
1208 406 1239 465 p.
1263 392 1314 447 39.
1338 403 1366 444 a.

110 508 143 568 p.
168 492 242 549 266.
265 504 293 549 a.
316 507 348 566 p.
370 492 444 549 273.
468 506 495 548 a.
540 487 572 554 ln
597 488 698 548 lisdem
729 488 946 568 exemplaribus
968 490 1037 552 edit.
1067 488 1147 551 Pitb.
1171 490 1254 550 etiam
1276 489 1366 549 Petn-

111 592 193 655 viani
213 596 244 656 ct
260 591 392 656 'l'buauei
414 592 443 652 iu
458 592 546 657 Diras
570 588 750 652 collatione-m
772 594 875 654 iactam
897 592 935 652 ab
958 593 1083 654 Heinsio
1104 593 1196 652 tuisse
1219 592 1365 652 existimo.

109 693 208 772 igitur
243 713 282 756 ex
313 693 359 759 bis
391 693 475 756 libds
503 695 682 755 Burmannus
715 694 851 755 diversas
881 695 1011 756 diversis
1048 694 1226 774 temporibus
1254 694 1366 767 lleinsii

110 798 311 872 coniecturas,
346 797 550 875 opinationes,
582 796 647 870 vel,
678 800 709 859 ut
740 797 806 876 ipse
834 797 929 876 Bpist·
952 798 989 858 ad
1011 794 1167 859 Graculum
1191 796 1209 859 l.
1234 796 1252 856 Ι.
1277 800 1366 859 vocat

110 899 181 962 talia
203 899 366 976 Heinsius,
390 899 578 981 quisquilias,
603 899 726 976 collegit
739 892 826 980 atquc
846 899 1070 977 conglutinavit.
1115 898 1179 983 Qua
1202 903 1230 960 in
1255 919 1286 960 re
1309 917 1365 959 non

109 1003 217 1083 ubique
247 1008 356 1064 rectum
385 1007 559 1083 assequutus
590 1006 637 1064 est
659 1003 806 1062 ordinem:
835 1005 868 1064 ut
899 991 1036 1082 excrrrplc
1058 1003 1143 1065 docui
1164 1003 1200 1064 ad
1226 1003 1288 1064 bn.
1310 1005 1364 1063 82.

110 1104 214 1167 insunt
242 1105 378 1168 nonnulla
406 1105 497 1182 digna
528 1105 667 1186 lleinsio,
700 1110 730 1166 ut
756 1124 853 1167 cerna
884 1105 1026 1167 Dirsbl.
1071 1104 1250 1168 Alia-muita
1271 1106 1365 1184 ipsum
1391 1125 1393 1131 ⁴

108 1209 321 1287 repudiaturum
343 1227 379 1270 uu
400 1209 572 1273 remoturnm
595 1210 688 1270 fuisse
712 1208 862 1270 lleinsbrm
885 1213 971 1288 puto,
995 1211 1021 1270 sl
1043 1228 1165 1291 unquam
1180 1210 1258 1270 serio
1276 1227 1311 1269 se
1328 1206 1363 1267 ad

109 1311 248 1377 edendum
271 1309 409 1375 Catonem
432 1316 639 1391 comparasset.
696 1311 760 1374 bitsl
788 1312 851 1371 dum
881 1312 1037 1392 perpendo.
1058 1312 1175 1373 Heinsii
1205 1311 1366 1378 verbumu

109 1419 155 1477 mc
177 1433 248 1494 pag.
271 1419 346 1477 629.
369 1414 529 1494 prolatum,
554 1414 668 1491 dubito,
691 1432 728 1494 an
751 1413 817 1489 illa,
842 1434 923 1496 quarn
945 1415 1025 1493 apud·
1044 1433 1078 1476 se
1100 1414 1214 1485 alebat,
1238 1433 1364 1492 persua-

109 1517 175 1586 sio,
200 1516 387 1580 vehementer
416 1520 581 1596 corruptum
602 1535 672 1579 esse
695 1515 854 1588 Catonem,
885 1535 1004 1597 unquam
1027 1516 1163 1578 salutaris
1186 1519 1281 1577 lutura
1303 1513 1364 1579 (la-

109 1621 171 1683 toni
195 1623 308 1682 luisset.
354 1620 434 1705 Quas
457 1638 531 1681 nunc
553 1623 621 1683 ante
644 1620 744 1683 oculus
766 1619 905 1683 babemus
928 1621 1112 1682 coniecturas
1136 1619 1269 1691 uetusti,
1307 1638 1365 1681 non

109 1731 166 1813 tarn
188 1723 307 1785 andacia
329 1743 381 1785 sua
404 1724 567 1801 offendunt,
600 1741 765 1805 quamquam
788 1724 872 1783 etiam
895 1724 1014 1784 audacia
1037 1724 1145 1784 modum
1168 1725 1301 1798 excedit,
1331 1730 1365 1786 nt

108 1846 192 1909 quum
217 1846 247 1887 v.
274 1831 344 1888 146.
376 1825 460 1900 (Bul.
485 1829 558 1905 43.)
588 1845 628 1888 cx
650 1825 774 1902 vulgato
796 1812 920 1888 Plroebe
940 1847 1051 1907 pererro
1074 1831 1106 1889 in
1127 1836 1158 1890 te
1179 1828 1290 1888 laurus
1314 1847 1364 1889 ce

107 1931 243 1993 miravit
265 1949 410 2008 umorem,
434 1949 549 1991 versum
573 1929 689 2005 ellingit
713 1924 834 1992 novum:
863 1929 1103 2011 Endymioneum
1123 1930 1255 2017 batmps
1278 1931 1364 1994 cele-
1406 1920 1415 1929 '¹

108 2033 214 2096 bracii
236 2050 386 2095 umorem:
417 2051 498 2114 quam
521 2051 575 2108 ao,
597 2031 686 2113 {quod
705 2031 824 2094 inutiles
845 2038 928 2109 suot,
962 2037 992 2094 et
1014 2051 1104 2112 saepe
1135 2039 1235 2095 eontra
1257 2050 1363 2095 rnorem

107 2153 263 2217 genusque
286 2134 399 2199 dicendi
411 2131 617 2208 Catonianum,
633 2132 682 2196 vel
705 2137 793 2197 etiam.
808 2140 909 2198 contra
924 2130 1095 2197 sententiam
1111 2124 1232 2197 Catonis
1256 2138 1362 2197 l'actae.

108 2239 232 2301 tlmnino
261 2237 422 2309 Heinsius,
455 2257 538 2320 quum
561 2238 825 2315 eberneicurtem,
860 2256 953 2320 neque
983 2242 1105 2300 aetatem
1129 2235 1255 2300 Catonis
1275 2258 1363 2326 repu-

108 2347 209 2420 tasse,
239 2359 329 2422 neque
352 2341 499 2402 consilinm
522 2346 699 2423 mentemque
721 2346 844 2422 poetae,
875 2348 905 2404 et
938 2341 1135 2403 necessarium
1157 2343 1364 2403 sententiarum

108 2445 235 2506 ordinem
258 2463 420 2527 nexumque
448 2444 641 2523 perspexisse
672 2446 810 2506 videtur:
842 2445 916 2505 unde
940 2447 1066 2518 lactum,
1101 2448 1132 2505 ut
1156 2436 1256 2505 'multis
1290 2445 1364 2505 locis

109 2548 268 2610 conilccret
302 2566 352 2623 ea,
382 2565 454 2628 quac
484 2564 592 2625 perse
615 2546 785 2624 elegantiae.
813 2549 938 2627 speciem
968 2547 1097 2626 babent,
1126 2549 1188 2620 rrius
1223 2549 1362 2624 omnimo,
1467 2574 1470 2579 ·

107 2652 155 2712 cui
177 2655 314 2712 assuetus
337 2654 399 2712 erat
422 2651 578 2727 Heinsius,
603 2648 805 2729 Virgilianae,
829 2649 991 2713 Ovidiavnac
1002 2650 1089 2743 ,sed
1113 2671 1130 2712 a
1153 2657 1248 2712 mente
1271 2648 1361 2713 Cato·
1461 2670 1467 2679 ·

107 2755 155 2815 nis
177 2753 272 2816 aliena
294 2758 361 2815 sunt
384 2773 467 2836 quam
481 2754 612 2813 maxime.
657 2752 766 2815 illelius
789 2773 836 2815 res
849 2753 1008 2832 Scaligero
1032 2758 1179 2831 cesserat,
1203 2755 1268 2835 qui,
1291 2772 1363 2816 con-

107 2856 203 2918 sillum
233 2862 339 2937 podiae
366 2857 441 2941 quod
474 2857 594 2933 attinet,
623 2874 784 2938 nexumque
812 2859 1035 2935 sententiarum,
1069 2855 1235 2938 plerumque
1267 2876 1364 2919 verum

107 2960 201 3038 vidlt3
230 2967 396 3040 praetcrea,
426 2961 462 3021 de
492 2979 547 3042 qno
579 2960 633 3020 iarn
664 2959 786 3035 dictum,
821 2965 956 3021 senserat
985 2954 1124 3036 Scaliger
1155 2979 1189 3022 se
1219 2961 1247 3021 in
1276 2966 1365 3040 poeto

106 3064 224 3125 versari
247 3067 374 3147 antiquo.
420 3065 598 3126 Burmannus
622 3064 753 3125 admirari
776 3062 853 3126 solet
875 3065 1056 3125 coniecturas
1075 3063 1205 3143 Heinsii3
1228 3065 1364 3125 nonnulla

107 3169 234 3229 tentavit
256 3169 331 3245 ipse.
376 3166 457 3251 Quae
481 3187 557 3245 ego,
580 3171 612 3229 nt
634 3169 808 3246 lleinsiana,
831 3166 988 3243 diiigenter
1011 3169 1228 3228 commemoravi
1252 3169 1365 3240 omnia,

107 3270 160 3331 sed
190 3270 305 3329 omissis
334 3269 580 3346 disputationibus
607 3269 809 3346 longioribus,
840 3288 867 3330 e.
891 3288 922 3348 g.
952 3269 1066 3329 Heinsii
1100 3271 1135 3330 ad
1167 3269 1232 3330 Bir.
1257 3277 1308 3330 10.
1337 3277 1363 3330 1.

107 3373 158 3434 ubi
181 3370 255 3432 alios
279 3377 383 3449 poetas
406 3375 583 3449 pertractat,
614 3378 644 3434 et
669 3393 698 3432 v.
723 3375 797 3447 55.;
828 3369 980 3432 Burmanni
1004 3371 1039 3430 ad
1064 3390 1094 3432 u.
1121 3377 1149 3432 i.
1173 3372 1211 3433 de
1234 3375 1364 3434 confusis

106 3475 178 3537 alibi
201 3475 325 3535 vocibus
348 3473 443 3536 multa
473 3478 503 3535 et
529 3484 611 3536 muta
635 3475 825 3552 disserentis;
859 3474 987 3536 eiusdem
1010 3475 1046 3535 ad
1070 3494 1100 3535 v.
1127 3480 1197 3536 100.
1244 3476 1363 3555 Repetii

81 3632 83 3636 ,
107 3579 195 3640 etiam
218 3578 335 3640 aliorum
351 3577 485 3638 uirorum
509 3577 648 3641 collectas
670 3598 689 3640 a
710 3579 871 3639 Burmanno
900 3579 1100 3652 coniecturas,
1128 3597 1247 3660 eamque
1271 3579 1363 3640 colle-

107 3682 231 3743 ctionem
258 3682 323 3760 ipse
353 3680 422 3742 auxi
454 3686 509 3742 tam
537 3699 577 3741 ex
604 3681 831 3764 antiquioribus,
862 3698 944 3762 quarn
967 3697 984 3742 e
1006 3667 1236 3757 recentioribus,
1271 3687 1302 3743 ut
1324 3701 1363 3744 ex

107 3783 302 3845 Wakefieldic
324 3785 352 3844 in
376 3784 491 3846 Lucret.
546 3782 719 3867 Quamquam
742 3783 799 3847 bae
822 3803 952 3868 quoque,
982 3788 1012 3846 ut
1035 3785 1232 3863 lleinsianae,
1266 3788 1363 3850 subito

106 3887 202 3947 laetae
225 3891 292 3949 sunt
326 3887 500 3968 pleraeque,
531 3890 562 3950 et
582 3888 620 3950 ab
643 3889 697 3968 iis,
729 3889 777 3971 qul
799 3887 902 3950 nullam
925 3904 986 3949 cunr
1009 3884 1123 3976 (latone
1145 3890 1362 3967 familiaritatem

107 3993 294 4052 contraxisse
316 3991 462 4053 videntur.
1071 4007 1075 4012 '

173 4195 217 4258 lo.
248 4195 432 4260 Christianus
460 4198 679 4260 Wernsdortius
707 4200 825 4278 primunr
852 4196 956 4262 (latoni
991 4199 1084 4263 locum
1107 4202 1183 4262 inter
1205 4199 1362 4277 satyricos

105 4301 241 4364 Minores
264 4303 450 4378 assignavit,
475 4301 559 4363 Poot.
583 4301 678 4362 Latin.
701 4302 811 4364 Minor.
834 4301 984 4364 Tunnlll.
1032 4305 1096 4367 l'uit
1118 4309 1210 4365 autem
1233 4304 1361 4364 Wcrns-

106 4404 215 4464 doctius
237 4422 331 4486 neque
354 4404 474 4483 cupidus
508 4404 695 4482 emendandi,
724 4405 798 4486 quod
830 4405 916 4466 valde
947 4405 1051 4483 lando,
1083 4424 1177 4487 neque
1200 4407 1226 4467 si
1249 4407 1361 4487 qrumrdo

106 4511 201 4570 tentat
223 4506 467 4587 emendationem,
491 4512 522 4573 ut
543 4508 607 4570 liir.
632 4513 683 4571 41.
709 4515 759 4571 18.
787 4512 858 4570 ltili.
884 4508 963 4586 (lici.
987 4512 1056 4589 66.)
1080 4512 1189 4584 tentat,
1214 4509 1302 4573 iclix:
1331 4514 1362 4571 at
