2948 4986
424 218 527 284 vura
550 217 733 284 eunome
750 219 803 285 nu
825 217 1012 286 scanno.
1262 211 1337 299 noo

98 411 173 456 auno
204 393 374 474 propiorem.
425 394 521 480 Quare
550 392 637 456 Diras
664 376 739 456 anno
769 391 891 465 Catonis
912 396 1052 460 vicesimo
1074 398 1189 465 octavo·
1204 398 1337 475 assigno,

97 505 149 562 aut
170 499 347 578 septtmoet
375 496 524 560 vicesImo.
806 500 807 504 ’
952 497 955 502 ’
990 484 994 498 ’

165 601 310 680 Superest
332 607 363 665 ut
385 603 553 678 videamus,
577 601 716 685 quomodo
739 603 770 663 ct
791 620 846 683 qna
867 602 1023 684 occasione
1043 604 1212 683 patrimonio
1234 607 1341 666 exutus

96 706 196 768 inerit.
241 704 342 787 Atque
364 703 420 767 boc
442 705 510 767 iliud
535 709 595 784 est,
617 706 646 767 in
668 723 724 787 qno
746 703 851 786 aliquid
865 707 933 767 novi
951 706 1135 769 obseruatum
1154 708 1188 768 iri
1206 707 1339 769 diximus.

96 809 217 893 Quippe
249 809 445 890 concedimus,
477 809 613 872 militibus
641 809 821 887 assIgnatum
850 827 919 871 esse
951 828 1052 887 agrum
1087 805 1222 889 Catonis,
1245 812 1340 872 statim

95 915 280 990 sssIgnatum
302 931 371 974 esse
394 931 550 990 negamus,
575 918 604 976 ct
626 913 701 974 aiiod
724 914 828 974 iactum
850 931 923 992 agra
941 909 1062 974 Catonis
1084 915 1264 991 coniicimus,
1286 933 1339 975 an-

95 1021 223 1100 tequam¹
248 1017 448 1094 assignaretur
480 1016 626 1078 militibus.
675 1016 747 1078 Itius
780 1015 961 1077 coniecturae
993 1017 1119 1077 ratlanes
1147 1014 1201 1077 bas
1235 1015 1339 1079 babeo.

96 1120 196 1184 Priore
220 1119 351 1183 Suetonii
374 1121 480 1197 verba,
509 1139 582 1202 quae
604 1120 651 1202 qui
672 1120 807 1182 rimetur:
838 1117 904 1201 quid
926 1119 1018 1180 autem
1040 1119 1192 1182 durandum
1215 1121 1284 1195 erit,
1315 1123 1339 1181 si

96 1225 188 1286 testis
210 1223 427 1310 locupletissimi
450 1228 535 1304 atque
558 1224 633 1284 unici
661 1222 752 1283 verba
781 1241 837 1284 non
866 1239 934 1283 esse
967 1218 1092 1284 rimanda
1121 1215 1225 1284 dicasi
1251 1225 1340 1300 igitur

96 1327 174 1390 baec
197 1329 244 1410 qni
267 1329 399 1404 rimetur,
423 1325 490 1387 nibil
514 1327 610 1388 inesse
633 1327 669 1387 de
690 1326 828 1388 militibus
845 1324 991 1386 fatebitur.
1035 1325 1279 1403 aresceremus,
1302 1344 1338 1387 ex

97 1430 327 1508 indignatione,
358 1431 483 1493 licentia
505 1431 629 1494 Sullani
649 1433 792 1512 temporie
814 1438 933 1492 enatam
952 1431 1142 1512 patrimonio.
1187 1429 1231 1492 At
1252 1429 1340 1506 longe

97 1539 207 1615 patens
229 1535 357 1596 licentia
378 1532 550 1596 vocabulum
571 1534 634 1609 est,
657 1533 841 1614 quaomnia,
864 1549 936 1613 quae
958 1548 994 1592 ec
1017 1536 1146 1611 tempore
1168 1533 1340 1611 imperiose,

97 1636 272 1708 crudeliter,
297 1639 404 1699 Iniuste
426 1639 503 1698 lacta
525 1639 611 1712 eunt,
636 1637 825 1697 continentur.
870 1635 913 1696 Ea
934 1641 1027 1696 antem
1050 1636 1193 1696 innumera
1211 1636 1340 1706 inerunt,

98 1747 131 1804 ut
154 1740 206 1802 iila
227 1727 379 1817 assIgoata
402 1740 548 1800 veteranis
571 1738 678 1818 praeda
699 1757 768 1818 pars
791 1742 913 1815 unium,
944 1755 1038 1821 neque
1061 1755 1096 1799 ea
1117 1741 1253 1817 maxima,
1276 1736 1339 1800 inti-

98 1845 181 1908 nitae'
201 1844 346 1906 licentiae
367 1844 459 1904 videri
483 1843 599 1904 debeat.
644 1839 781 1905 Coniurat
809 1844 834 1903 si
863 1843 928 1923 quis
951 1842 1101 1920 imaginem
1122 1843 1255 1904 licentiae
1277 1844 1341 1902 urui-

99 1952 208 2010 versae
230 1946 338 2008 babere
363 1948 458 2026 cupit,
490 1944 590 2025 Lepidi
620 1945 775 2007 orationem
804 1941 837 2005 in'
860 1945 982 2007 Sallust.
1004 1946 1082 2009 Hist.
1106 1947 1218 2022 Fragm.
1243 1946 1292 2007 iib.
1316 1945 1340 2008 l.

98 2054 127 2114 in
155 2070 213 2132 qua
242 2052 317 2111 inter
345 2049 432 2111 malta
462 2050 656 2111 accusationis
690 2050 785 2128 captia
811 2050 930 2111 infimum
960 2049 1051 2112 Iocum
1080 2055 1162 2112 tenet
1194 2052 1341 2111 veteranis

99 2158 179 2217 facta
200 2154 335 2231 largitio,
360 2153 515 2236 Sullaeque
538 2172 593 2214 non
615 2153 765 2230 tambac,
788 2152 861 2235 quod
878 2172 937 2214 eam
956 2155 1060 2215 iecerit
1074 2155 1237 2230 veteranis,
1260 2173 1340 2234 quam

99 2259 176 2341 qood
201 2260 282 2318 nimis
304 2277 418 2337 parcam
440 2259 542 2319 iecerit
563 2240 744 2333 aciutilem,
770 2258 842 2318 vitio
866 2258 1005 2337 vertitur3
1029 2261 1059 2319 et
1082 2254 1176 2318 Cicer.
1194 2256 1340 2319 Paradox.

101 2384 144 2424 vr.
159 2360 260 2422 2.'ubi
277 2361 332 2421 ita:
363 2365 415 2444 qai
435 2360 522 2422 itiam
543 2359 667 2423 Sattaai
687 2364 831 2442 temporis
852 2382 979 2425 messem
1000 2361 1184 2423 recordetur.
1228 2359 1340 2420 Addam

100 2466 158 2528 atla
187 2463 347 2540 vocabula,
386 2482 501 2545 quorum
533 2481 625 2543 aeque
656 2463 716 2524 lata
745 2467 897 2543 potestas:
928 2465 984 2525 etsi
1012 2463 1190 2545 plenumque
1206 2462 1242 2529 dc
1269 2461 1341 2544 pro-

100 2569 309 2647 scriptionibus
339 2564 461 2627 maxime
490 2571 649 2627 sermonem
683 2585 770 2644 esse,
805 2568 979 2649 quud'saue
1006 2569 1061 2629 fuit
1079 2568 1180 2629 maium
1205 2569 1342 2647 temporis

100 2673 187 2734 istius
216 2672 438 2747 atrocissimum,
467 2670 647 2746 intelligitur.
699 2669 782 2733 Orat.
802 2688 855 2750 pro
884 2672 967 2733 dumo
1004 2695 1086 2749 xvc,
1117 2676 1168 2734 43.
1193 2672 1342 2734 Proscri-

98 2779 217 2860 ptioais
240 2778 433 2837 miserrimam
455 2795 556 2836 acmen
569 2776 675 2853 iliad,
698 2784 728 2836 ei
750 2778 845 2837 omnis
868 2775 1023 2840 acerbitas
1040 2775 1166 2840 Sullani
1186 2779 1341 2860 temporis.

100 2880 171 2942 ibid.
193 2901 280 2955 xxx,
302 2884 352 2940 iii.
372 2879 431 2940 iiia
450 2879 574 2941 Saliam·
596 2881 739 2960 temporis
755 2897 852 2942 arma.
876 2880 912 2940 cs.
938 2880 1194 2955 lbid.xxx1,83.
1216 2892 1343 2963 propter

101 2987 293 3069 iniquitatem
314 2983 402 3044 itiias
425 2985 556 3045 Ciaacai
577 2988 730 3065 teraporis.
776 2979 890 3044 Rursus
915 2984 1009 3062 Epist.
1032 2983 1067 3045 ad
1089 2983 1184 3046 Famii.
1205 2978 1342 3046 XIII.1v.

100 3089 228 3152 Saliari
248 3090 392 3168 temporis
415 3086 621 3149 acerbitatem.
654 3085 738 3148 XIII.
760 3106 791 3150 v.
816 3086 947 3172 ¹Sullani
968 3091 1112 3169 temporis
1136 3091 1344 3151 iniustissima

100 3184 291 3254 calamitate.
336 3189 417 3252 aiibi
441 3190 515 3269 apud
539 3189 724 3266 Ciceronem,
753 3188 937 3273 Sallustium,
967 3189 1096 3267 I'Iurum,
1128 3192 1263 3254 Saitaaa
1286 3192 1343 3253 do-

101 3300 236 3359 minatio.
281 3295 355 3354 Hiuc
378 3296 498 3369 sactum,
527 3297 559 3365 ut
590 3295 672 3355 etiam
701 3293 861 3356 Sullanam
883 3301 999 3375 tempas
1023 3295 1135 3356 dicatur
1157 3294 1343 3373 sinpliciter,

103 3419 160 3482 quo
182 3399 273 3459 omnis
296 3398 456 3458 atrocitatis
479 3395 685 3478 licentiaeque,
708 3415 781 3476 quae
805 3402 862 3456 tum
884 3397 1095 3474 grassabatur,
1117 3398 1342 3459 recordationem

104 3500 340 3581 complectuntur.
391 3498 430 3563 Ut
459 3498 563 3563 Cicero
590 3501 618 3560 in
645 3498 732 3559 Verr.
762 3498 814 3560 lib.
837 3499 861 3562 1.
898 3505 1058 3578 xv1,·43.
1085 3504 1235 3581 postquam
1265 3501 1344 3562 iliad

103 3615 221 3688 tempas
244 3604 443 3666 Sullanarum
461 3606 718 3688 proscriptionem
740 3623 780 3665 ac
801 3607 979 3685 rapiaaram
1004 3604 1248 3682 commemorarit,
1275 3623 1342 3684 per-

103 3711 170 3787 git:
202 3707 397 3798 Quamobrem
429 3709 487 3770 boc
516 3710 594 3769 amai
619 3716 751 3789 tempore
777 3708 906 3770 Sullano
934 3729 973 3770 ea
994 3710 1194 3770 accusatione
1215 3713 1343 3772 circam-

105 3816 242 3894 ocripto,
268 3815 325 3873 etc.
348 3815 379 3873 et
400 3831 453 3891 pru
484 3810 517 3871 S.
540 3810 651 3872 Roscio
675 3811 773 3873 Amor.
814 3833 888 3887 uxr,
922 3813 974 3872 58.
1005 3814 1145 3873 nemiuem
1172 3833 1262 3889 esee,
1292 3817 1344 3898 qai

105 3917 225 3980 verbam
246 3916 431 3997 faceretne
459 3924 591 3998 tempore
621 3916 757 3978 auderet.
809 3915 891 3976 Haec
912 3909 981 3975 ‘dnm
1013 3914 1082 3992 lego
1111 3919 1197 3997 atque
1224 3917 1343 3994 relego,

105 4021 232 4083 adducor
254 4021 332 4098 ier‘e,
356 4020 386 4080 ut
409 4037 506 4098 parum
527 4019 644 4097 proprie
666 4025 751 4100 atque
774 4023 907 4081 accurate
930 4017 1072 4100 loquutum
1096 4037 1163 4080 esse
1177 4019 1345 4081 Suetonium

105 4125 213 4200 dicam,
238 4124 263 4182 si
286 4121 431 4183 voluisset
452 4123 622 4199 assIgnatos
645 4122 791 4183 veteranis
814 4141 904 4200 agros
927 4122 1103 4199 significare.
1148 4123 1203 4184 Iist
1225 4125 1345 4185 enimin

106 4247 141 4292 cs
163 4246 197 4290 re
218 4227 345 4289 licentia
366 4225 534 4287 vocabulum
558 4225 639 4286 nimis
662 4226 727 4287 sive
749 4231 829 4287 arcta
846 4227 913 4288 sive
932 4225 990 4288 iate
1008 4229 1172 4306 potestate,
1195 4245 1251 4288 nou
1273 4227 1346 4287 satis

103 4349 220 4413 grave:
251 4329 319 4392 exui
341 4329 528 4408 patrimonio,
557 4329 678 4392 utillud
702 4330 849 4391 veteranis
872 4330 973 4408 detur,
998 4348 1033 4393 ea
1055 4332 1109 4393 iarn
1131 4349 1187 4392 non
1210 4332 1283 4390 toret
1305 4330 1346 4390 lt„

104 4439 226 4511 centia,
259 4432 311 4495 sed
341 4433 496 4496 acerbiter
502 4473 514 4509 ,
544 4434 708 4496 catamitae
735 4433 861 4496 Saitaoi
887 4437 1041 4516 temporie.
1128 4431 1241 4496 Deinde
1263 4451 1346 4514 quum

106 4537 267 4605 Suetonius
288 4544 326 4602 aa
346 4539 463 4601 exutum
476 4534 714 4612 *esse’Catanenr
729 4537 865 4621 ›saeiiiaa
878 4537 1011 4619 ‘scobat
1039 4535 1122 4620 qnod
1134 4534 1274 4622 papilius
1296 4544 1347 4600 re·-
