2948 4986
123 190 201 266 rao
507 230 510 235 -
544 142 944 254 amulumasronu's
998 192 1006 239 .·
1043 192 1075 243 ν.

120 366 236 445 factus
256 363 307 424 sei
330 366 400 444 puio
422 362 501 425 iilud.
523 372 564 426 ei·
574 364 649 446 fota
672 365 737 425 conl.
759 363 808 444 qni
837 364 942 424 dicitur
969 362 1067 424 Pierii.
1115 361 1248 440 {lougius
1277 378 1366 424 rece-

122 469 192 528 dunt
220 467 337 528 Medic..
357 476 394 533 ‘ei
419 468 512 528 Paris.
542 468 595 530 iV.
619 470 647 528 m
669 468 774 549 quibus
795 473 880 528 aeolo
908 466 1028 528 soluere
1048 467 1131 547 fula.
1178 469 1221 529 At
1242 465 1366 543 longia·

122 571 192 632 sime
214 572 331 633 dinnao.
355 574 379 634 l.
405 574 444 633 ii.
469 571 630 635 etilratisl.
654 572 678 633 1.
702 572 730 631 in
754 571 857 652 quibus
882 571 971 631 etiam
995 589 1136 654 pemque,¹
1154 571 1230 652 quod
1254 569 1366 632 caeteri

122 670 188 758 libri
218 677 437 755 repraesentant
455 675 589 735 sunanimi·
611 693 707 736 ornnes
734 690 895 750 consensu,
926 678 1058 735 mutatum
1082 680 1145 752 est,
1177 674 1242 734 sic:
1272 693 1367 753 eopor

120 798 194 842 aeae
215 782 336 842 soluere
361 780 445 860 faia.
492 781 524 840 in
554 797 610 859 quo
641 784 741 859 aperte
763 779 889 856 cernitur
909 796 1008 838 manns
1029 777 1156 853 librarii,
1179 779 1208 838 in
1231 777 1366 856 scriptu·

122 902 153 944 ra
177 877 305 962 ἀμέτρῳ
335 898 453 967 qnoque
474 903 547 944 aeae
569 881 758 954 offendentis,
786 881 975 942 emendatrix.
1018 881 1091 943 liiiiui
1121 896 1221 944 nouae
1249 884 1282 942 et
1313 899 1367 960 per

120 1005 154 1049 aa
177 987 296 1064 honum,
320 988 446 1048 alsatis
469 987 563 1047 veteri
584 986 744 1065 scripturae
766 1004 856 1060 acce,
886 1003 958 1066 qnae
981 985 1093 1066 quidem
1115 987 1270 1046 manifesto
1295 1001 1366 1045 cor-

119 1094 289 1170 rupinum,
323 1088 417 1150 simile
439 1089 564 1149 videtur.
611 1091 645 1150 in
667 1088 820 1150 Romanam
846 1089 1002 1169 principem
1025 1086 1091 1150 iilud
1114 1087 1190 1150 haud
1213 1089 1303 1150 dabie
1326 1106 1367 1148 cx

117 1192 194 1255 libro
217 1192 331 1271 scripto
354 1192 454 1267 venii,
478 1210 560 1273 quum
583 1190 661 1252 uuila
683 1193 710 1251 in
734 1190 808 1252 hanc
829 1190 984 1252 Romanam
1007 1191 1216 1253 emendationis
1243 1196 1296 1253 aut
1317 1193 1366 1253 in-

118 1295 320 1376 terpolationis
342 1297 472 1375 suspicio
499 1295 593 1357 cadat.
645 1294 765 1356 Deinde,
780 1294 885 1376 aliquid
910 1293 1072 1357 Mutinensi
1094 1295 1202 1357 iriiruu.
1251 1295 1310 1357 Vei
1333 1299 1369 1358 ut

118 1401 157 1462 sit
180 1399 355 1474 emendatio,
385 1398 552 1459 felicissima
569 1376 638 1474 cst,
661 1398 776 1460 multum
797 1397 987 1476 praeferenda
1017 1397 1056 1458 ilii
1081 1396 1247 1459 emendandi
1272 1416 1366 1459 cona-

116 1505 200 1580 mini,
224 1504 298 1584 qnod
322 1503 349 1562 in
369 1499 485 1562 Monac.
510 1505 534 1564 Ι.
558 1502 597 1563 ΙΙ.
621 1507 653 1564 et
672 1501 796 1564 Vratisi.
820 1502 845 1564 1.
887 1501 1007 1563 Frustra
1029 1490 1114 1562 etiam
1133 1501 1292 1578 Scaliger,
1315 1505 1367 1585 qui

118 1607 357 1668 continuationem
379 1603 428 1666 vel
453 1607 546 1682 magis
568 1605 766 1686 repetitionem
789 1604 922 1684 prolatae
940 1605 1079 1666 versibus
1102 1605 1215 1665 duobus
1236 1623 1367 1684 praece-

117 1709 252 1770 dentibus
274 1709 435 1770 sententiae
457 1711 598 1771 contineri
621 1709 679 1773 lroc
701 1726 789 1770 versu
811 1711 904 1788 putat.
948 1705 1058 1771 Contra
1084 1708 1178 1788 legem
1201 1710 1365 1785 sermonis,

118 1814 144 1873 si
171 1812 237 1894 quid
260 1811 363 1891 video,
395 1811 445 1873 vei
472 1817 553 1873 certe
574 1817 674 1874 contra
696 1829 776 1873 usum
800 1812 923 1873 dicendi.
966 1810 1039 1874 Turn
1068 1812 1141 1886 euim
1161 1830 1220 1873 nou
1245 1833 1367 1898 quoque

117 1912 315 1990 scribendum,
336 1915 389 1976 sed
413 1915 516 1994 copula
530 1926 568 1978 -at
590 1915 639 1977 vei
663 1936 721 2003 pue
744 1924 819 1996 opus
841 1919 921 1993 crat,
943 1916 1010 1983 sic:
1033 1916 1134 1977 Ausus
1157 1933 1216 1994 ego
1233 1917 1366 1996 pudores

117 2017 248 2096 violare,
271 2025 467 2101 sacratamque
491 2019 749 2098 villarunculum,
771 2028 801 2082 et
823 2020 882 2080 iata
903 2018 1039 2093 solvere,
1062 2016 1133 2080 nol:
1157 2020 1278 2104 iainque
1300 2019 1365 2082 sui-

117 2140 199 2184 vere.
244 2121 331 2184 immo
353 2120 524 2184 haecnova
546 2123 736 2200 interrogatio
760 2128 828 2200 est,v
845 2140 937 2204 neque
959 2121 1080 2202 amplius
1097 2123 1212 2202 pendet
1232 2142 1251 2184 a
1274 2142 1363 2204 prac-

116 2243 223 2303 gresso
245 2246 355 2289 annno.
401 2226 491 2287 llatae:
513 2227 596 2288 etium
618 2242 700 2287 meac
729 2243 840 2295 noxae,
864 2227 1010 2287 immatura
1031 2224 1148 2287 solvere
1170 2219 1254 2287 intui
1298 2228 1362 2297 linc

117 2335 178 2391 est:
201 2334 346 2393 tantumne
368 2347 427 2407 ego
451 2347 557 2390 nocere
579 2348 715 2408 possum,
739 2333 770 2391 ut
792 2331 852 2390 iata
874 2331 1020 2390 immatura
1041 2322 1174 2390 solvam?
1205 2332 1283 2412 fata
1306 2335 1359 2394 im-

114 2443 244 2495 molarer
258 2435 382 2496 solvere
410 2450 464 2493 non
487 2435 587 2511 potest
609 2449 695 2510 esse,
724 2431 800 2513 quod
822 2430 967 2509 Virgilius
989 2431 1078 2508 dicit,
1106 2433 1180 2513 fcta
1202 2455 1355 2517 rumpere,

115 2537 167 2597 sed
190 2533 237 2598 cst
254 2538 512 2616 anticipurci'uia,
533 2540 708 2615 perpetrare.
725 2535 774 2611 id,
798 2534 871 2616 quod
895 2535 1015 2596 noudum
1031 2534 1061 2596 in
1084 2536 1151 2597 latis
1174 2541 1223 2598 est
1246 2542 1279 2601 ut
1300 2539 1353 2600 iat

31 2719 35 2723 Ἴ
115 2640 155 2702 Ut
183 2641 257 2702 vidit
285 2640 433 2716 Scaliger.
488 2636 592 2699 Verum
620 2657 676 2700 non
704 2643 785 2701 recte
813 2636 950 2716 Scaliger
976 2638 1033 2700 lroc
1062 2642 1150 2701 totum
1176 2641 1213 2701 ad
1237 2642 1353 2720 Lydiam

115 2747 249 2816 revocat,
279 2742 361 2825 quasi
385 2743 426 2803 sit
446 2743 612 2820 sententia,
641 2742 754 2823 cyriae
782 2744 860 2804 iustu
879 2743 1018 2804 maturius
1041 2746 1168 2821 creptam
1190 2745 1350 2823 pudicitiam

114 2848 216 2907 inisse.
267 2844 349 2928 Quod
380 2845 509 2905 alienum.
561 2845 626 2907 iloc
654 2847 801 2923 significat
829 2843 920 2923 Gaio,
949 2845 1023 2928 quod
1052 2845 1118 2924 ipsc
1144 2864 1217 2908 suae
1245 2847 1350 2927 puciiee

114 2950 213 3009 vitium
236 2948 388 3026 obtulerit,
418 2947 487 3008 nihil
518 2951 697 3027 reiecisse,
727 2950 801 3031 quod
825 2967 880 3015 non
903 2949 1004 3009 (indum
1027 2950 1159 3011 usitatum
1166 2991 1178 3024 ‚
1210 2955 1242 3012 et
1268 2969 1348 3030 prae-

114 3052 250 3129 scriptum
273 3056 391 3113 naturae
412 3051 620 3132 iugulataque
641 3053 757 3115 inisset.
802 3050 981 3114 Vocabulum
1008 3071 1093 3117 anau
1115 3052 1257 3129 illustrat,
1281 3053 1347 3136 quad

114 3156 209 3215 statim
231 3154 347 3215 suiriicii
366 3152 441 3216 Gaio
459 3173 546 3221 versu
569 3173 634 3235 seq.
651 3175 717 3217 meu
740 3158 845 3237 calpa.
890 3156 1014 3236 Eamque
1038 3156 1280 3233 significationem
1301 3160 1347 3218 iam

113 3257 267 3337 Phiiippus
297 3256 457 3318 Beroaldus
487 3257 625 3319 Annotat.
656 3259 685 3327 iu
707 3258 859 3335 Servium,
888 3259 923 3321 nd
948 3259 1023 3320 illurn
1046 3259 1153 3337 iocum,
1187 3261 1287 3324 Unico
1315 3259 1346 3323 nl

113 3381 240 3437 moram,
263 3371 293 3422 et
313 3362 418 3442 surius
438 3361 551 3423 Aineia
572 3359 671 3437 Oilei,
695 3363 873 3424 confirmavit
892 3364 968 3441 aptis
992 3362 1148 3442 exemplis,
1172 3383 1201 3424 e.
1220 3384 1255 3442 g.
1277 3364 1342 3429 Ovi·

113 3466 152 3526 dii
182 3464 275 3543 lipist.
300 3464 369 3528 Vll.
396 3470 466 3526 loc.
502 3464 665 3528 nicomiam
686 3486 785 3528 noane
807 3466 940 3528 detrudit
967 3467 1021 3529 iiie
1041 3478 1134 3530 meae·
1164 3469 1232 3543 uiri,
1264 3473 1294 3531 nt
1317 3486 1345 3528 a·

112 3568 168 3647 pud
199 3565 353 3642 Catonem,
381 3569 477 3628 variat
504 3568 658 3630 orationem
687 3586 762 3630 nunc
789 3571 898 3652 eulpa,
927 3588 1001 3632 nunc
1030 3571 1067 3632 dc
1093 3571 1192 3632 cadem
1216 3591 1249 3634 re
1271 3589 1344 3634 acan

111 3662 285 3749 usurpatum
328 3671 482 3732 Praecedit
512 3672 585 3732 cuim
605 3694 635 3732 v.
661 3675 731 3733 105.
755 3672 811 3733 Dc
833 3675 952 3734 venium
972 3673 1104 3755 culpae:
1132 3675 1256 3757 decepit
1281 3674 1345 3737 idn·

110 3794 185 3836 neus
208 3784 324 3836 auctor.
350 3773 484 3837 Nestoris
505 3774 557 3835 iiio.
581 3775 620 3838 V.
636 3799 666 3838 v.
688 3775 786 3837 Nouo
808 3776 901 3836 verim
921 3781 1005 3838 sunt:
1033 3777 1183 3857 Virpilr'ua
1205 3783 1240 3840 ira
1262 3778 1342 3842 ditia.

110 3877 277 3939 immatura
297 3898 381 3939 meae
403 3898 498 3963 quom·
519 3899 619 3942 nouae
641 3881 760 3942 coluere
779 3881 888 3961 faeta:
911 3880 1021 3942 latins
1035 3891 1105 3964 alm·
1132 3885 1344 3965 ulinamfaaia'

108 4001 175 4044 nnec
198 3982 291 4064 culpo
315 3985 467 4061 mapiotru
487 3982 596 4044 Prima
616 3984 726 4064 foret.¹
752 3974 867 4045 Nonus
888 3985 996 4046 matt:
1022 4005 1079 4068 pra
1110 3987 1234 4066 cnlpae.
1258 3999 1290 4049 ut
1310 4004 1344 4049 aa

109 4088 249 4168 separanti
276 4105 368 4147 mersu
388 4094 485 4167 patet.
530 4086 651 4148 Scilicet
680 4087 736 4148 cisi
758 4086 852 4148 dillert
870 4086 978 4168 aliquid
1006 4090 1079 4150 inter
1100 4109 1211 4152 acuam
1232 4095 1265 4154 et
1284 4090 1342 4153 cul·

106 4209 193 4272 pam,
212 4187 306 4249 multis
324 4192 415 4248 tomen
432 4188 504 4250 locis
522 4189 640 4251 liberum
656 4189 848 4266 scriptoribus
866 4195 944 4265 erat,
966 4189 1023 4253 hoc
1038 4193 1184 4264 scribere,
1204 4194 1253 4256 vei
1270 4193 1342 4256 iliud.

109 4292 156 4357 Gi.
182 4290 366 4352 iioederim'n.
389 4291 559 4370 Synuuyma
576 4293 627 4354 iat.
647 4294 682 4357 Ρ.
701 4291 740 4353 ll.
758 4290 795 4372 p}
815 4299 885 4356 lus.
931 4295 1019 4389 Apud
1042 4304 1145 4375 poetas
1167 4299 1342 4380 antiquiores

108 4415 173 4458 raro
196 4397 291 4456 inveni
317 4394 486 4455 vocabulum
508 4416 600 4464 nonu.
650 4397 716 4459 Non
740 4404 786 4460 est
807 4399 892 4477 apuria
905 4399 1076 4460 Lucretium.
1121 4401 1209 4481 Apud
1234 4402 1341 4464 Teren·

108 4502 175 4561 tium
197 4504 290 4562 nonio
311 4500 447 4578 saepius,
468 4518 552 4576 acac
573 4518 725 4584 nusquam:
747 4518 818 4565 naua.
832 4501 950 4565 Pharan.
969 4503 1008 4565 il.
1031 4527 1050 4569 1.
1075 4510 1137 4587 36.
1150 4511 1234 4571 recte
1254 4510 1358 4569 anain¹
