2948 4986
393 167 496 234 vm
519 169 699 237 CATONIS
721 173 775 237 ΕΤ
795 171 985 240 scurels.
1241 184 1316 255 271

89 343 209 408 tudinem
232 342 365 408 excudit
399 344 497 408 Altius
518 363 576 409 retu
598 349 750 427 repetere,
769 347 915 416 luxuriare
935 347 965 423 in
987 348 1133 429 exordiis,
1156 352 1250 414 notum
1271 354 1319 415 est

89 450 217 511 iuuenum
239 448 359 510 aramme
380 444 526 528 poetarum
541 452 656 521 uitium.
701 452 795 534 Quare
817 452 973 530 llo'ratius,
1003 454 1051 535 qni
1077 457 1184 516 mature
1206 457 1319 536 teutpe-

89 570 148 613 rarc
172 553 229 613 silui
251 551 369 627 didicit,
394 570 475 634 quum
498 555 724 633 persentisceret
745 553 830 616 multo
852 556 1064 638 lortiusatque
1085 557 1248 639 elegantius
1269 559 1318 630 iu-

89 659 176 718 lsrum
198 673 284 731 esse,
317 655 343 716 si
370 654 517 735 abruptum
551 664 633 718 esset
653 659 792 719 sermonis
816 661 954 740 initium:
976 659 1093 745 Nempe
1121 663 1319 744 incomposito

89 759 152 822 diei
174 762 231 821 eto.
255 758 376 838 priorem
405 757 611 835 longitudinem
641 763 727 841 atque
750 762 904 825 ubertatem
927 765 1047 827 rescidit
1067 765 1193 845 penitus.
1237 763 1319 845 Apte

89 863 340 939 dlorgcnstcrnius
361 868 542 943 pracceptum
571 863 736 925 recordatur
765 864 890 932 Horatii,
920 866 983 928 Sat.
1007 867 1071 929 ead.
1094 869 1146 947 dil.
1170 871 1222 928 io.
1249 869 1319 930 De-

89 974 195 1028 tereret
217 967 278 1029 eidi
297 967 409 1045 multa,
430 967 580 1030 recideret
601 987 699 1044 omae,
722 969 802 1052 qood
823 969 908 1032 oltra
949 969 1122 1052 Perfectum
1135 971 1318 1034 traderetur.

89 1068 167 1152 Quod
191 1077 283 1130 sutem
305 1072 415 1132 servati
437 1075 504 1149 sunt
525 1089 651 1148 versus,
674 1090 747 1153 quos
769 1076 862 1134 tenum
885 1077 948 1154 ipso
967 1074 1139 1137 rescidisset
1159 1075 1318 1152 Horatius,

89 1173 111 1234 ld
134 1171 191 1234 doc
213 1173 295 1234 modo
316 1173 443 1253 explico.
488 1175 625 1238 Horatius
653 1174 708 1236 dno
730 1173 846 1238 librarlo
868 1177 1016 1241 Sermonis
1037 1176 1121 1240 huius
1144 1176 1320 1258 exemplariis

89 1275 225 1338 tradidit:
246 1277 326 1357 prius
348 1275 434 1355 illud,
463 1278 491 1338 in
523 1296 578 1359 qno
601 1279 711 1340 inerant
738 1260 860 1358 versus,
889 1289 992 1360 postca
1013 1281 1131 1346 alterum
1153 1300 1171 1344 a
1192 1299 1227 1344 se
1249 1298 1319 1345 cor-

89 1384 214 1456 rectum,
237 1399 256 1440 a
277 1398 332 1461 qno
353 1382 483 1457 aberant.
528 1380 585 1445 Vel
607 1383 683 1444 iacta
705 1364 1037 1468 erroneamque
1059 1387 1109 1469 qul
1127 1388 1215 1447 antea
1236 1403 1319 1447 seor-

89 1502 145 1546 sum
168 1484 278 1561 singuli
306 1487 403 1546 emissi
423 1487 547 1547 inissent
575 1486 748 1564 Sermones,
778 1488 918 1552 collectos
941 1489 970 1550 in
993 1508 1076 1553 unum
1095 1486 1199 1568 illrum
1218 1487 1319 1570 publi-

89 1586 192 1664 cabal3
219 1587 379 1664 ‚litterarum
412 1608 484 1652 vero
512 1595 639 1652 amantes
665 1607 722 1652 nou
751 1593 866 1670 penitus
898 1594 993 1672 perire
1020 1592 1119 1673 priore
1145 1591 1319 1672 exemplaria
1416 1653 1418 1656 .

89 1692 165 1771 pessi
186 1680 263 1752 sont.
306 1692 397 1757 Venit
427 1695 510 1756 ctiam
531 1695 560 1756 in
581 1698 715 1770 montem,
745 1713 907 1778 quamquam
935 1714 992 1759 non
1019 1695 1132 1760 multum
1158 1695 1224 1757 lunio
1247 1713 1319 1758 oon-

89 1796 213 1859 'ecturae
235 1796 349 1874 tribuo,
377 1798 504 1860 tortasse
532 1801 687 1878 propterca
714 1816 770 1861 nou
799 1799 918 1862 invitum
945 1799 1102 1862 rescidisse
1125 1818 1230 1863 versus
1251 1798 1320 1861 illos

89 1903 197 1979 nectam
220 1897 325 1960 iterata
351 1899 496 1977 editione,
527 1901 601 1982 qnod
630 1903 746 1982 primum
773 1902 917 1982 publicola
944 1902 1043 1965 Satira
1070 1898 1178 1965 decima
1207 1903 1321 1966 obisset

89 2000 170 2066 [lato.
215 2000 328 2065 Utinam
355 2022 426 2065 vero
452 2006 496 2067 sio
518 2005 622 2068 multae
644 2005 687 2067 od¹
702 2023 755 2066 nos
777 2007 982 2086 pervenissent
1003 2007 1168 2085 optimorum
1192 2007 1319 2086 scripto-

89 2124 144 2169 rum
166 2107 194 2167 ln
218 2107 316 2168 eodem
339 2106 403 2170 loco
425 2112 455 2172 ct
476 2110 588 2188 priores
610 2113 640 2170 et
660 2110 846 2196 posteriores
862 2110 1067 2185 cogitationes.
1110 2107 1231 2172 Multum
1252 2110 1320 2172 inde

89 2209 287 2290 proficeremus
303 2211 343 2272 ad
356 2211 585 2289 cognoscendam
609 2216 737 2275 veterum
759 2213 788 2273 in
810 2211 963 2273 scribendo
985 2211 1165 2289 diligentiam
1188 2231 1223 2275 ao
1246 2216 1320 2275 tem-

89 2315 252 2395 perantiam.
295 2315 341 2377 lle
362 2316 477 2400 incepto
501 2313 642 2393 Catonis,
668 2316 806 2378 lucilium
827 2314 1010 2393 emendandi,
1033 2317 1061 2377 in
1084 2315 1249 2378 universum
1271 2319 1320 2378 te·

89 2418 179 2480 nenda
200 2421 267 2480 sunt
288 2418 338 2482 illa
359 2418 458 2482 Wolfii
488 2421 517 2480 in
546 2407 764 2500 prolegomenis
792 2438 821 2499 p.
845 2440 974 2493 ccxxxu.
997 2437 1062 2501 sqq.
1085 2420 1132 2501 qni
1154 2422 1237 2483 ctiam
1260 2420 1320 2485 Ca-

89 2525 162 2585 tonis
185 2524 315 2592 meminit.
360 2522 543 2586 0hscrvetur
564 2525 654 2585 ironia
670 2523 782 2585 Horatii
804 2522 904 2599 valdo,
920 2527 951 2583 ut
966 2521 1032 2584 milri
1050 2524 1183 2602 videtur,
1204 2526 1319 2588 faceta:

89 2626 233 2703 signifieat
254 2626 387 2689 meliores
409 2630 520 2691 futuros
543 2646 611 2690 esse
633 2625 733 2689 Lucilii
755 2643 880 2701 versus,
911 2623 1030 2688 Catonis
1052 2644 1155 2705 opera,
1182 2626 1235 2689 sed
1257 2646 1320 2690 ore-

88 2727 184 2797 liores
198 2748 278 2810 quam
294 2730 366 2809 >ipse
387 2733 509 2793 fecisset
525 2730 661 2794 Lucillus.
705 2729 743 2792 lit
765 2747 835 2790 saue
850 2728 1019 2791 eredendum
1039 2730 1094 2791 erit
1108 2728 1244 2810 Horatio,
1262 2749 1319 2802 non

89 2832 256 2895 constitisse
275 2830 412 2896 Catonem
435 2835 463 2896 in
486 2835 664 2913 castigandis
685 2832 863 2895 librariorum
886 2832 1041 2893 erroribus.
1087 2832 1151 2916 Qua
1172 2834 1201 2895 in
1223 2852 1254 2895 re
1269 2834 1322 2896 nri·

89 2935 144 2997 ruri
167 2935 247 2999 lubet
269 2941 421 3016 warnorum
443 2956 478 3000 ac
506 2939 602 2999 mutati
630 2955 683 3016 per
711 2940 838 3015 tempora
870 2936 964 2997 iudicii
986 2953 1147 3017 sensusque
1169 2938 1320 3000 vicissitu-

89 3038 180 3102 dines.
230 3040 330 3103 Luoilii
360 3061 465 3104 versus
494 3044 577 3104 ctiam
615 3040 719 3105 Catoni
753 3041 828 3102 iusto
861 3040 1033 3102 videbantur
1067 3039 1199 3103 duriores
1234 3059 1321 3120 esse3

89 3140 208 3209 lloratio
229 3149 322 3207 autem
344 3144 445 3208 Lucilii
468 3164 571 3206 versus
600 3143 817 3220 intolerabiles,
840 3161 892 3204 nec
914 3139 1034 3205 Catonis
1056 3147 1187 3224 poemata
1209 3142 1321 3207 multum

88 3230 235 3326 placumse
256 3249 399 3328 suspicor.
443 3248 489 3310 lle
511 3249 630 3311 consilio
661 3245 796 3324 Catonis,
828 3247 903 3330 quod
927 3247 975 3327 ille
997 3267 1054 3309 non
1077 3255 1233 3310 exsecutus
1256 3253 1321 3326 est,

89 3367 126 3410 ex
147 3352 359 3413 narrationibus
376 3356 547 3432 compertum
563 3350 690 3422 hahebat
701 3350 838 3413 Horatius
852 3360 867 3412 ι’
884 3351 939 3426 uisi
948 3395 959 3429 ,
980 3369 1053 3433 quae
1074 3369 1135 3412 mea
1158 3352 1322 3413 coniectura

89 3457 149 3533 est,
160 3455 259 3517 mutim
273 3455 457 3537 profitenda,
474 3441 590 3536 publice
601 3456 710 3533 scripto
729 3454 847 3534 quodum
863 3454 899 3516 de
917 3473 952 3516 co
970 3453 1101 3516 iodicium
1117 3453 1221 3514 lecerit
1235 3451 1320 3516 Cato.

152 3557 236 3620 Nunc
263 3576 299 3620 eo
324 3564 491 3639 perventum
521 3561 584 3629 cst,
619 3563 649 3619 ut
678 3575 877 3645 recenseamus
905 3560 1025 3638 scripta.
1045 3554 1175 3620 Catonis.
1215 3556 1263 3620 ltu
1285 3556 1322 3621 de

89 3660 194 3746 lqdia
215 3663 340 3744 quidem
362 3669 394 3724 et
415 3662 451 3724 de
472 3663 687 3743 Iudiqaotioae
707 3660 812 3722 dietum
834 3667 896 3740 est3
919 3663 1042 3742 itemquo
1063 3661 1100 3722 de
1117 3661 1227 3738 Diris,
1249 3678 1322 3743 quae

89 3762 145 3831 bc
163 3764 230 3829 loeo
252 3769 333 3828 erant
354 3766 531 3829 necessaria.

150 3868 291 3952 Sequitur
317 3871 445 3941 Diaron,
478 3870 513 3933 de
540 3889 595 3952 qna
624 3871 748 3949 repetam
776 3868 963 3931 testimouium
987 3865 1139 3954 Suetonii:
1184 3869 1322 3951 Scripsit
1457 3886 1461 3901 ·

89 3981 215 4056 praeter
235 3979 446 4056 qrammaticos
468 3974 588 4038 libellos
609 3979 699 4036 etiem
719 3983 875 4056 poemate,
896 3990 936 4034 ee
947 3971 1055 4056 quidus
1066 3977 1235 4055 praecipue
1245 3992 1322 4054 pro-

89 4077 202 4143 tneor
222 4076 315 4158 Lydio
335 4090 366 4142 et
394 4080 499 4142 Dione.
543 4077 653 4157 Lydiae
678 4077 789 4140 Ticida
808 4077 959 4139 muniuit:
982 4075 1087 4160 Lydia
1109 4076 1264 4140 doctorem
1283 4099 1323 4141 m.

89 4202 117 4247 ο.
139 4183 230 4247 liber.
271 4182 385 4245 Dianae
407 4178 528 4245 Otene:
730 4240 733 4245 ,
914 4209 917 4218 ·
1085 4186 1088 4193 “

336 4286 469 4363 Saeculo
489 4291 667 4369 peruenerat
687 4287 787 4347 nostri
808 4285 917 4348 Dicae
940 4284 1081 4373 Cocceio.

89 4389 143 4456 Sic
163 4408 240 4454 nuno
260 4409 371 4470 omues,
387 4391 471 4454 etiam
483 4388 721 4469 Oudendorpiur,
738 4387 874 4450 Woliius.
917 4386 1001 4472 Quod
1023 4387 1207 4452 vehementer
1224 4386 1320 4448 miror.

89 4495 172 4566 eme
194 4495 295 4561 eodm
315 4496 399 4562 modo
421 4499 587 4578 coemptum
606 4493 698 4559 boun
724 4491 886 4558 ueremi
913 4490 1079 4576 §molanus
1099 4490 1214 4573 fragm
1235 4489 1324 4570 Post„
