2948 4986
504 172 707 249 anconem
731 171 951 239 uenenum.
1282 179 1360 263 aaa

116 367 195 432 quae
218 346 399 411 Schraderus
421 348 654 411 Emendatiooum
676 346 751 413 libro
773 346 894 427 protulit
914 349 950 410 ad
973 346 1038 417 cu,
1062 351 1356 422 ν,1118.135.112.

117 458 196 516 2³5.
219 451 292 515 3111.
316 456 388 513 3211.
413 454 680 514 3313511160.
729 449 788 511 lam
813 449 889 514 innoc
916 452 1042 521 codicem
1070 471 1206 534 nusquam
1235 471 1357 513 comone-

116 562 211 620 morat
246 556 479 634 Friesemannus,
513 554 672 634 nullamque
701 555 769 617 elus,
796 555 924 619 notitiam
955 555 1093 618 hahuisse
1120 556 1247 618 videtur.
1298 556 1358 618 Sed

116 666 235 742 praeter
258 659 332 720 inuno
354 659 427 721 duos
449 658 524 721 alios
541 658 664 720 codices
686 677 766 719 uranu
790 659 917 738 scriptos
939 658 1228 723 laudatSclrraderus
1251 663 1357 723 limen-

115 766 178 827 dat.
202 784 232 843 p.
259 769 307 826 19.
331 770 382 825 21.
406 768 456 824 28.
488 762 708 838 Pelusiacum,
739 765 769 825 et
798 763 926 825 alterum
965 764 1156 833 Vossiaaum·
1206 763 1306 844 Atque
1329 764 1358 826 lui

115 868 385 939 suotl’etaviaons
407 871 437 927 et
460 866 621 927 Vossianus
645 867 851 942 Friesemaoui‚
875 869 922 948 qui
944 866 1083 929 lectiones
1105 887 1200 928 eorum
1222 869 1258 929 ad
1275 887 1356 928 mar-

114 973 216 1050 ginem
239 970 348 1034 Culicis
370 989 388 1031 a
410 969 573 1032 Schradero
605 975 765 1039 annotatas.
785 969 922 1044 trahebat.
975 971 1154 1034 Schraderus
1187 976 1278 1043 autem
1302 990 1356 1032 uu·
1467 977 1470 987 '

116 1077 220 1138 deoam
242 1074 342 1137 habuit
364 1073 461 1135 luorum
485 1073 610 1135 codicum
634 1068 783 1137 notitiami
805 1075 911 1137 lllirum
932 1076 961 1136 ui
983 1093 1023 1136 ex
1044 1073 1100 1137 laos
1115 1075 1271 1155 exemplari
1285 1076 1356 1137 Lei-

115 1181 221 1256 deust,
244 1179 281 1245 de
303 1168 361 1260 quo
382 1178 503 1260 loquor:
527 1177 595 1238 sive
616 1177 683 1243 illud
707 1178 772 1257 ipse
795 1180 997 1257 usurpaverit,
1019 1179 1084 1240 sive
1106 1179 1181 1241 aliud
1196 1177 1354 1258 exemplar,

113 1286 145 1349 111
168 1284 244 1365 qnod
265 1281 434 1346 collationes
445 1280 545 1343 Vossii
568 1281 723 1345 translatae
745 1298 763 1342 e
785 1285 886 1343 nostro
908 1281 948 1349 ab
963 1281 1020 1344 alio
1037 1283 1100 1345 vtro
1117 1281 1203 1345 docto
1220 1283 1354 1360 luissent,

113 1384 306 1456 antestoculos
328 1383 469 1446 habuerit.
516 1382 596 1447 Unde
618 1385 746 1465 sequitur
763 1385 907 1463 codicem,
926 1405 1007 1466 quem
1024 1386 1151 1449 atterum
1172 1384 1355 1456 Voseioaum

114 1490 312 1561 sarracenus,
343 1493 373 1552 et
409 1488 593 1552 Voooiooum
618 1487 787 1566 sinpliciter
816 1489 886 1553 dicit
916 1489 1150 1568 Friesemauous,
1178 1489 1255 1559 orari.
1278 1489 1354 1551 aliud

112 1615 198 1678 quam
218 1592 385 1655 'l'lauaueum
406 1611 485 1663 esse.
530 1592 612 1659 llaec
639 1590 705 1655 milri
731 1593 876 1672 auspicio,
906 1593 954 1654 vel
984 1595 1080 1672 potius
1107 1594 1266 1666 sententia,
1299 1595 1354 1663 iam

111 1701 188 1763 enim
210 1703 257 1759 est
277 1699 438 1770 sententia.
467 1699 534 1759 nata
563 1699 633 1783 est,
660 1696 723 1757 dum
751 1697 825 1761 lotor
840 1714 886 1757 ·se
912 1699 1045 1773 contero,
1069 1715 1142 1777 quae
1165 1696 1293 1758 Vossius
1310 1716 1355 1786 ¹em

103 1802 254 1867 danaum
267 1845 286 1877 ,,
299 1799 495 1875 Schraderus,
519 1800 753 1876 Friesemann,
776 1801 912 1879 Heyuius
935 1818 973 1863 ex
996 1819 1050 1861 suo
1072 1800 1280 1871 itloVosslano
1303 1819 1354 1872 re-

111 1909 219 1970 rerunt.
265 1906 374 1987 Quodsi
398 1922 454 1965 nou
476 1904 580 1984 ubique
602 1901 706 1982 plenos
734 1904 861 1965 cernitur-
888 1921 1066 1981 cousensus,
1085 1907 1130 1969 vut
1159 1906 1254 1966 tatem
1281 1906 1354 1975 satis

109 2028 243 2088 magnam
264 2011 339 2071 inter
361 2012 498 2089 utrosque
525 2007 711 2069 differentiam
742 1991 810 2068 esse
838 2005 912 2071 locis
939 2026 995 2069 non
1023 2009 1140 2087 paucis,
1171 2008 1353 2083 cogitandum

109 2116 185 2190 crit,
213 2132 296 2194 quam
323 2111 413 2188 longo
440 2113 543 2174 ittuere
570 2111 628 2173 ista
658 2128 697 2171 ex
723 2109 858 2175 leidensi
880 2108 1038 2190 exemplari
1060 2116 1159 2172 nostro
1182 2110 1216 2170 ad
1241 2110 1352 2174 Schra-

109 2219 227 2293 derum,
251 2235 268 2278 a
290 2213 454 2279 Schradero
476 2214 512 2275 ad
528 2215 754 2277 Friesemaunum
770 2211 972 2301 Heyniuruque
993 2216 1194 2292 pervenerint,
1218 2219 1248 2275 et
1270 2233 1352 2295 quam

109 2320 297 2383 vehementer
320 2318 447 2379 codicum
469 2317 609 2378 lectiones
639 2317 889 2378 communicatione
911 2317 1064 2395 immutari,
1095 2319 1126 2380 et
1148 2317 1210 2379 dum
1233 2336 1271 2380 cx
1294 2337 1352 2381 uuo

108 2425 242 2500 margine
264 2423 293 2481 in
316 2420 434 2482 alterum
458 2423 682 2498 transferuntur,
711 2420 777 2480 sive
808 2438 847 2480 ex
869 2416 985 2482 solae'dis
1008 2419 1109 2481 alienis
1131 2421 1351 2499 describuntur,

108 2502 266 2588 adulterari
288 2525 500 2606 dissimilesque
521 2524 578 2585 sihi
601 2524 676 2602 ipsis
696 2523 758 2585 lieri
781 2524 904 2587 soleant.
955 2521 995 2587 ut
1018 2543 1099 2584 unum
1123 2542 1350 2603 commemorem,

108 2627 284 2704 Schraderi,
313 2620 441 2707 lapsum,
470 2625 649 2688 Scluaadeaus
676 2625 823 2688 Emendat.
852 2644 882 2707 p.
907 2630 958 2688 21.
989 2625 1054 2689 Gul.
1083 2631 1156 2690 301.
1180 2634 1271 2692 suevi
1293 2632 1350 2694 dos

108 2752 180 2796 esse
202 2735 229 2797 iu
253 2734 482 2811 ieameamer
504 2731 533 2793 in
556 2749 608 2806 eo,
630 2749 713 2813 quem
736 2728 856 2793 alterum
872 2729 1045 2797 Vossiaoum
1066 2731 1153 2806 dicit,
1176 2731 1232 2794 laoc
1255 2738 1301 2795 est
1323 2736 1350 2795 io

107 2837 265 2908 'l'lruarem
290 2836 394 2913 tradit3
425 2836 555 2916 idemque
584 2835 800 2895 Friesemauous
828 2836 928 2903 reteri.
978 2835 1041 2904 Nos
1064 2818 1210 2917 cecideras
1232 2857 1300 2905 erse
1322 2841 1351 2907 iu

109 2940 195 3002 libris
218 2939 274 3001 illis
304 2940 449 3003 docuimus
479 2937 579 2999 Vossii
609 2939 799 3016 auctoritate,
829 2938 909 3001 Diss.
933 2938 1040 3020 imp.
1063 2943 1137 3007 314.
1180 2939 1352 3022 Adscripsit

108 3045 195 3107 etiam
217 3042 258 3105 ls.
282 3043 407 3104 Vossius
435 3043 592 3123 exemplari
614 3041 655 3117 illi
677 3061 730 3103 suo
754 3043 933 3125 coniecturas
955 3042 1121 3125 nonnullas,
1147 3063 1260 3129 quarum
1284 3064 1351 3124 ear,

107 3165 185 3237 quae
207 3147 243 3209 ad
266 3147 354 3209 Diras
376 3149 526 3227 spectant,
550 3146 764 3206 commemoravi
787 3147 848 3206 suis
871 3145 955 3208 loeis.

176 3250 215 3313 Ili
239 3254 321 3328 sunt,
344 3250 522 3313 Petavianus
545 3254 575 3310 et
597 3247 771 3326 Thuaoeus,
803 3250 850 3329 qui
873 3248 992 3311 Heinsio
1016 3252 1050 3312 ad
1073 3251 1161 3315 Diras
1182 3252 1351 3332 simpliciter

108 3356 171 3421 dau
193 3357 325 3436 scripti,
354 3351 402 3413 vel
425 3353 585 3421 Gallicani
607 3353 755 3412 dicuntur:
793 3354 830 3414 cl.
854 3351 986 3431 uprsroia
1009 3355 1071 3414 eius
1094 3355 1129 3415 ad
1151 3353 1212 3415 lac.
1235 3353 1350 3417 lirano,-

109 3462 190 3522 vium
212 3457 286 3539 apud
311 3458 461 3518 Burmann.
492 3456 588 3536 llpist.
611 3454 647 3514 ad
670 3454 813 3534 anpium
843 3475 872 3534 p.
895 3478 958 3544 osv,
1003 3457 1089 3519 arros
1111 3458 1201 3519 libros
1223 3460 1352 3538 scriptos

106 3563 243 3643 antiquos
272 3578 328 3621 uon
358 3558 495 3621 habebat.
546 3558 714 3631 Thoaneum
742 3564 849 3629 autem,
881 3563 911 3623 ut
940 3579 978 3631 ex
1007 3561 1150 3640 Epistolis
1171 3563 1200 3631 ia
1223 3563 1374 3643 sylloge>

107 3668 207 3733 Burm.
222 3666 258 3726 T.
274 3656 652 3741 111.oolrrgo,'aamuiarm
675 3680 756 3742 quum
779 3663 931 3737 secuudum
953 3664 1073 3727 Parisiis
1096 3668 1192 3743 esset,
1216 3685 1242 3729 a.
1258 3672 1349 3745 1651.

109 3768 169 3831 Vel
192 3771 275 3830 etiam
298 3770 350 3831 tuit
372 3766 445 3829 inter
468 3786 520 3828 eus
544 3766 660 3827 codices
682 3763 876 3826 bibliothecae
898 3765 1073 3844 Thuaueac,
1097 3787 1169 3851 quos
1192 3770 1352 3835 Bullialdus

110 3872 191 3952 Syll.
216 3875 309 3932 Burm.
332 3872 369 3933 Τ.
394 3872 432 3933 V.
463 3891 492 3951 p.
517 3875 590 3931 601.
621 3869 742 3930 delatum
765 3868 816 3944 iri,
840 3871 920 3930 iussu
943 3869 1073 3948 Thmui,
1096 3872 1130 3932 ad
1154 3873 1301 3935 Heinsium
1322 3876 1351 3936 iu

109 3976 291 4040 llollandiam
318 3977 474 4053 significat.
527 3976 593 4051 Ego
624 3974 659 4035 ad
682 3971 770 4034 Diras
793 3973 932 4051 triplicem
960 3973 1047 4035 habui
1075 3973 1193 4038 Codicis
1221 3976 1350 4039 Thoanei

110 4080 317 4143 collationem:
342 4099 421 4140 unam
444 4079 558 4140 lleinsii
573 4079 795 4158 Burmanuique,
817 4077 933 4139 atteram
955 4076 995 4139 ls.
1020 4079 1121 4141 Vossii
1143 4081 1171 4140 io
1195 4080 1351 4160 exemplari

109 4183 180 4258 illo,
204 4184 317 4246 tertiam
339 4203 356 4243 a
378 4183 508 4244 Lasseno
532 4182 644 4242 iactam.
688 4178 728 4243 Ut
750 4181 803 4241 iam
826 4183 898 4243 satis
921 4187 1034 4245 constet
1057 4184 1093 4244 de
1113 4182 1170 4246 hou
1191 4185 1349 4261 praestanti

108 4286 200 4355 Doro.
243 4286 501 4367 interpunctionem
523 4283 590 4365 ille,
613 4283 688 4366 quod
712 4288 806 4347 monet
823 4284 987 4362 ismenus,
1010 4286 1112 4349 unllam
1134 4285 1222 4348 lrabet
1244 4287 1298 4346 uisi
1322 4288 1350 4347 in

108 4391 169 4453 coe
200 4390 378 4466 singulorum
411 4407 554 4459 versuum.
611 4387 777 4470 Specimiua
806 4407 825 4452 e
853 4386 954 4453 Culire
983 4389 1148 4470 protulimus
1174 4408 1229 4453 uon
1259 4408 1350 4469 pauca

108 4496 195 4564 Dias·
224 4493 277 4562 ut
