2948 4986
373 193 427 256 llll
450 192 616 259 VlRGlldl
639 193 713 256 clu.
726 193 946 268 novandus
967 194 1072 259 nunt.
1273 199 1350 269 251

111 367 289 445 scriptione,
319 370 414 448 spatio
444 372 568 445 tautum,
602 367 650 430 vel
674 368 769 428 malorl
798 366 897 429 litters
924 367 1040 441 initiali,
1072 365 1118 430 uel
1147 365 1204 430 allo
1233 367 1352 450 quodam

112 470 239 548 indicio,
261 490 279 532 a
301 471 381 534 Diris
409 472 582 534 distinctum.
627 471 659 532 ld
689 471 820 533 indicium
849 490 931 553 quum
960 490 1016 533 non
1043 472 1293 534 animadvertisset
1309 471 1352 532 'll-

112 574 229 636 brurlns
251 575 342 653 aller,
374 579 519 657 utrumqne
547 593 656 639 carrrren
688 576 835 637 coniunxit
863 577 891 637 ln
915 594 1013 637 unum:
1043 577 1198 655 asponon
1226 575 1296 644 hoo,
1322 579 1352 637 nt

113 675 189 739 bene
214 684 308 740 monet
337 681 508 756 laeobslos,
542 698 577 740 eo
606 679 753 750 accidere,
787 680 920 761 transque
948 683 1023 742 laetu
1052 699 1088 740 eo
1110 679 1200 741 latere
1223 678 1350 756 lacillus,

114 801 171 864 quo
193 784 282 843 maior
304 784 400 845 obiter
421 784 583 863 inspicienti
608 785 681 845 inter
709 789 817 862 partem
840 784 969 844 Dirarom
992 789 1146 845 extremam
1169 789 1199 867 et
1220 783 1350 844 carminis

114 903 154 947 ex
176 886 270 965 Lydia
292 887 397 947 initium
421 886 572 948 videbatur
593 886 746 948 similitudo
769 892 799 948 et
820 906 912 948 nexus
934 890 1092 965 argumenti
1115 905 1193 949 esse.
1237 888 1269 948 ln
1292 906 1350 948 ex·

114 991 214 1051 nentis
236 989 333 1064 Diris,
358 989 404 1052 nlri
427 996 495 1070 post
517 991 748 1060 exsecrationes,
773 989 840 1071 vale
862 993 930 1054 dicit
949 1011 1036 1069 agro,
1062 990 1157 1053 valere
1179 992 1262 1053 etiam
1285 990 1350 1069 Ly-

113 1088 187 1155 diam
211 1093 333 1173 puellum
352 1093 446 1170 lnlret,
460 1111 521 1156 eum
534 1083 740 1164 ,eutramnus
753 1079 828 1155 nulla
851 1114 881 1157 re
902 1097 1108 1183 exstinguendi
1128 1095 1348 1171 tostilluntlone3

114 1214 226 1258 cannen
249 1196 366 1273 alterum
388 1215 488 1258 rursus
511 1198 611 1276 incipit
632 1197 669 1257 alr
687 1215 761 1274 agro
778 1204 808 1260 et
822 1199 932 1280 hydis:
955 1199 1075 1276 languet
1096 1206 1183 1278 poeta
1205 1198 1348 1259 desiderio

113 1296 365 1364 commorantis'in
388 1305 469 1377 agro'
483 1301 603 1380 Lydiae.
649 1302 749 1383 ltaque
776 1301 848 1365 haec
876 1305 916 1366 ita
937 1305 1013 1365 inter
1034 1321 1068 1364 se
1090 1301 1192 1365 similia
1214 1307 1244 1363 el
1266 1301 1348 1383 qnasi

113 1410 256 1482 cognata,
288 1410 318 1466 ut
340 1409 370 1466 et
392 1405 506 1466 librario
530 1405 578 1466 lstl
603 1409 722 1484 etpost
751 1426 812 1466 enm
835 1407 929 1468 multis
952 1406 1093 1481 saeculis,
1125 1423 1216 1489 nsque
1237 1406 1272 1468 ad
1294 1424 1349 1466 an·

112 1528 175 1571 num
204 1511 294 1570 liuzi.
323 1527 378 1590 qno
402 1527 476 1569 anno
504 1509 659 1588 disputatio
689 1509 767 1571 edita
796 1509 942 1588 lacobsli,
971 1530 1053 1573 nuum
1076 1529 1143 1572 esse
1166 1528 1277 1572 carmen
1300 1510 1349 1571 vl-

110 1613 258 1674 derentnr.
302 1612 396 1675 Nobls
427 1614 621 1695 quaestionem
643 1611 692 1674 hio
713 1613 843 1676 inserere
864 1616 990 1677 fortasse
1012 1632 1068 1677 uon
1090 1616 1210 1677 otiosam
1231 1612 1348 1693 placet:

110 1735 162 1778 eur
185 1715 237 1776 ille
258 1718 304 1799 qul
326 1718 432 1795 primus
455 1716 532 1778 Diris
555 1718 680 1781 subiecit
702 1732 813 1781 cnrnreo
830 1736 874 1780 ex
896 1720 996 1799 Lydia
1012 1719 1165 1794 librarius,
1189 1716 1349 1800 loctunam

109 1838 227 1882 cannen
249 1821 424 1898 subiecerit3
452 1838 503 1882 eur
524 1838 580 1881 non
602 1821 694 1902 allud3
718 1841 769 1884 eur
789 1841 844 1885 nnn
863 1822 966 1903 plurn3
989 1840 1039 1884 cnr
1060 1840 1115 1883 uon
1137 1822 1257 1887 omnim:
1282 1822 1349 1884 lle-

107 1925 257 2004 spondeat
276 1923 398 2006 aliqnisa
420 1924 556 2004 plneelrat
576 1927 713 2004 ilar-non
736 1927 812 1988 setis
831 1924 1005 2006 'suppetebat
1027 1927 1100 2004 olll3
1122 1943 1179 1987 nou
1198 1912 1274 1988 satis
1290 1945 1348 1986 su-

108 2032 231 2110 pererat
257 2026 383 2089 charme-
434 2027 492 2092 vet
521 2028 577 2091 lroo
603 2029 704 2090 mador
736 2048 868 2091 manasse
895 2029 1013 2092 codices
1043 2036 1159 2092 nostros
1188 2048 1287 2091 omues
1309 2048 1349 2091 ex

108 2151 167 2194 uno
190 2132 310 2213 qondam
334 2131 424 2194 veteri
447 2132 597 2211 exemplo,
625 2131 690 2195 olim
712 2133 852 2213 pleniori,
875 2134 927 2195 sed
950 2152 989 2195 ex
1012 2153 1067 2216 qno
1087 2140 1195 2195 mature
1216 2133 1348 2194 excidis-

106 2241 180 2299 sent
201 2254 275 2317 quae
297 2235 490 2319 sequebantur
519 2239 651 2298 carmina.
695 2237 770 2299 ltlllrl
797 2237 948 2306 alia-ratio
970 2236 1082 2317 placet,
1111 2236 1254 2318 velimque
1287 2254 1347 2297 eam

110 2341 140 2402 in
164 2359 224 2402 rem
256 2338 400 2416 adhiberi,
429 2358 503 2422 qnae
536 2360 605 2420 pag.
631 2346 877 2422 ermenone
907 2343 1016 2419 scripta
1045 2345 1121 2403 eunt.
1166 2339 1280 2402 Factum
1301 2345 1348 2402 est

109 2447 255 2520 tortasse,
279 2451 308 2506 nt
330 2447 437 2506 mature
460 2443 671 2506 dissolveretur
701 2444 924 2527 Iapdlaliber,
952 2448 983 2506 et
1006 2446 1126 2505 curruina
1148 2445 1210 2506 eius
1233 2450 1266 2505 nt
1284 2444 1347 2504 slu-

109 2549 184 2628 gnla
208 2548 476 2624 circumferrentur,
504 2552 589 2608 extra
609 2549 752 2625 ordinem,
783 2554 812 2611 et
839 2567 920 2610 uuum
943 2551 974 2611 nt
995 2548 1162 2626 diligentins
1185 2546 1346 2625 legeretur,

109 2651 339 2732 religiosiusque
362 2656 596 2729 conservaretur,
619 2639 700 2734 quum
722 2658 847 2715 caetera.
892 2653 954 2720 Aul
975 2653 1023 2734 qni
1046 2640 1152 2732 primns
1174 2669 1285 2712 carmen
1309 2669 1347 2710 ex

110 2755 207 2834 Lydia
229 2756 351 2816 subiecit
372 2754 455 2815 Diris
483 2753 636 2832 librarius,
665 2755 732 2818 illnd
767 2765 904 2839 tamqnam
927 2757 1199 2838 praestantissimum
1220 2772 1255 2815 nc
1276 2772 1346 2832 pro·

108 2859 289 2923 iratissimum
313 2858 446 2936 elegerat
465 2877 504 2920 ex
526 2859 618 2938 Lydia
649 2858 740 2921 libro.'
778 2860 864 2945 Quae
882 2869 937 2923 tum
960 2862 1080 2922 mraxime
1102 2863 1168 2939 apta
1191 2857 1347 2937 explicatio

111 2967 186 3040 erit,
208 2964 233 3024 si
250 2963 482 3045 statuas,·qnod·
497 2962 571 3024 ‘haud
595 2965 691 3044 inepte
707 2969 843 3027 facturum
861 2984 946 3043 erse,
969 2967 1016 3046 qni
1035 2964 1107 3025 velit
1122 2967 1234 3039 lucere,
1250 2962 1346 3038 signi-

111 3069 217 3144 ficavi,
252 3086 286 3128 eo
314 3068 409 3128 statim
438 3067 566 3128 consillo'
581 3070 690 3130 laetum
721 3087 789 3130 esse
815 3071 966 3130 carminum
993 3067 1113 3132 Catonis
1143 3068 1295 3142 delectum,
1319 3070 1349 3125 ut

111 3172 290 3234 insereretur
321 3172 349 3232 tn
382 3169 577 3233 collectionem
607 3178 767 3252 poematum
795 3175 947 3234 variorum.
1003 3173 1069 3234 lloc
1087 3175 1154 3234 -tere
1169 3178 1348 3250 persuasum

111 3275 390 3363 intonantium
412 3277 567 3357 antiquitus
594 3274 668 3338 lraec
696 3278 819 3337 earmina
841 3273 1000 3340 Catoniana
1021 3278 1049 3337 lu
1072 3272 1278 3338 collectionem
1300 3292 1346 3334 re-

113 3386 200 3460 cepta
221 3381 363 3457 inissent,
387 3380 439 3441 vix
461 3381 608 3462 quiequam
632 3377 750 3443 Gatorris
773 3381 809 3442 ad
832 3399 885 3441 nos
908 3381 998 3442 l‘nlsse
1020 3383 1233 3458 perventurum·

179 3483 330 3546 Caeterum
358 3485 414 3544 etsi
443 3485 507 3563 lpse
528 3485 620 3545 nronni
643 3483 819 3544 antelliras
840 3485 976 3571 seriptum
999 3501 1067 3545 esse
1090 3492 1201 3542 carmen
1224 3498 1262 3541 ex
1283 3478 1346 3559 Ly-

112 3587 175 3663 dlu,
200 3594 292 3647 tannen
315 3587 344 3647 ln
368 3587 486 3648 edendis
509 3587 679 3648 carminibus
697 3587 818 3650 Catonis
837 3587 984 3664 uulgarem
1003 3586 1127 3648 ordinem
1145 3587 1242 3667 sequi,
1264 3583 1346 3644 loeo-

113 3710 169 3775 que
192 3693 352 3771 posteriore
375 3710 480 3770 ponere
504 3708 615 3752 carmen
637 3690 704 3750 illud
727 3682 845 3770 placuit.
889 3689 989 3752 ltldem
1010 3691 1163 3765 suneitum,
1193 3687 1240 3749 vel
1271 3696 1347 3749 certe

112 3794 321 3866 excusandam,
354 3800 396 3856 lot
418 3793 594 3855 saeculorum
616 3812 714 3855 errore
736 3794 957 3874 appellationem
980 3795 1096 3869 Dirae,
1119 3810 1207 3852 sensu
1231 3791 1347 3867 latiore,

112 3904 144 3961 nt
168 3915 280 3959 carmen
310 3900 392 3959 etiam
419 3897 537 3958 alterum
571 3897 793 3979 complectatur,
822 3899 925 3960 retinui
951 3897 998 3958 luia
1019 3895 1095 3977 illle,
1122 3896 1175 3958 sed
1204 3897 1252 3957 nbi
1274 3894 1349 3957 nulla

111 4001 265 4065 metuenda
287 4006 349 4063 erat
373 4002 555 4080 ambiguitas.
1034 4010 1037 4017 '
