<?xml version="1.0" encoding="UTF-8"?>
<!DOCTYPE html PUBLIC "-//W3C//DTD XHTML 1.0 Transitional//EN"
    "http://www.w3.org/TR/xhtml1/DTD/xhtml1-transitional.dtd">
<html xmlns="http://www.w3.org/1999/xhtml" xml:lang="en" lang="en">
 <head>
  <title>
</title>
<meta http-equiv="Content-Type" content="text/html;charset=utf-8" />
  <meta name='ocr-system' content='tesseract 3.04.00' />
  <meta name='ocr-capabilities' content='ocr_page ocr_carea ocr_par ocr_line ocrx_word'/>
</head>
<body>
  <div class='ocr_page' id='page_1' title='image "./carminavaleriic00catogoog_0066.png"; bbox 0 0 2948 4986; ppageno 0'>
   <div class='ocr_carea' id='block_1_1' title="bbox 423 155 1345 234">
    <p class='ocr_par' dir='ltr' id='par_1_1' title="bbox 423 155 1345 234">
     <span class='ocr_line' id='line_1_1' title="bbox 423 155 1345 234; baseline 0.002 -14"><span class='ocrx_word' id='word_1_1' title='bbox 423 157 466 221; x_wconf 82' lang='lat' dir='ltr'><strong>IN</strong></span> <span class='ocrx_word' id='word_1_2' title='bbox 495 155 659 221; x_wconf 72' lang='lat' dir='ltr'><strong>vdbtubit</strong></span> <span class='ocrx_word' id='word_1_3' title='bbox 683 155 866 222; x_wconf 78' lang='lat' dir='ltr'>CATONIS</span> <span class='ocrx_word' id='word_1_4' title='bbox 887 155 1027 223; x_wconf 76' lang='lat' dir='ltr'><strong>BlRAS.</strong></span> <span class='ocrx_word' id='word_1_5' title='bbox 1292 159 1345 234; x_wconf 73' lang='grc'><strong>49</strong></span> 
     </span>
    </p>
   </div>
   <div class='ocr_carea' id='block_1_2' title="bbox 106 327 1350 2481">
    <p class='ocr_par' dir='ltr' id='par_1_2' title="bbox 106 327 1350 2481">
     <span class='ocr_line' id='line_1_2' title="bbox 112 327 1344 411; baseline -0.003 -17"><span class='ocrx_word' id='word_1_6' title='bbox 112 331 203 394; x_wconf 84' lang='lat' dir='ltr'><strong>ratione</strong></span> <span class='ocrx_word' id='word_1_7' title='bbox 226 330 402 411; x_wconf 87' lang='lat' dir='ltr'><strong>seriptnrum</strong></span> <span class='ocrx_word' id='word_1_8' title='bbox 425 330 484 392; x_wconf 85' lang='lat' dir='ltr'><strong>bat.</strong></span> <span class='ocrx_word' id='word_1_9' title='bbox 531 332 660 393; x_wconf 73' lang='lat' dir='ltr'><strong>Pertinet</strong></span> <span class='ocrx_word' id='word_1_10' title='bbox 687 335 785 392; x_wconf 84' lang='lat' dir='ltr'><strong>autem</strong></span> <span class='ocrx_word' id='word_1_11' title='bbox 805 329 878 392; x_wconf 83' lang='lat' dir='ltr'><strong>baen</strong></span> <span class='ocrx_word' id='word_1_12' title='bbox 902 331 1058 410; x_wconf 84' lang='lat' dir='ltr'><strong>disputatio</strong></span> <span class='ocrx_word' id='word_1_13' title='bbox 1087 330 1173 392; x_wconf 77' lang='grc' dir='ltr'>ιιΙιιιι</span> <span class='ocrx_word' id='word_1_14' title='bbox 1189 330 1229 391; x_wconf 85' lang='lat' dir='ltr'><strong>ad</strong></span> <span class='ocrx_word' id='word_1_15' title='bbox 1252 327 1344 391; x_wconf 88' lang='lat' dir='ltr'><strong>loeum</strong></span> 
     </span>
     <span class='ocr_line' id='line_1_3' title="bbox 110 432 1344 518; baseline -0.003 -21"><span class='ocrx_word' id='word_1_16' title='bbox 110 435 275 509; x_wconf 73' lang='lat' dir='ltr'><strong>interiorem,</strong></span> <span class='ocrx_word' id='word_1_17' title='bbox 299 434 361 496; x_wconf 78' lang='lat' dir='ltr'><strong>bet.</strong></span> <span class='ocrx_word' id='word_1_18' title='bbox 385 436 436 496; x_wconf 83' lang='lat' dir='ltr'><strong>iii.</strong></span> <span class='ocrx_word' id='word_1_19' title='bbox 465 435 640 518; x_wconf 83' lang='lat' dir='ltr'><strong>Purpureae</strong></span> <span class='ocrx_word' id='word_1_20' title='bbox 662 434 767 515; x_wconf 73' lang='lat' dir='ltr'><strong>tiores.</strong></span> <span class='ocrx_word' id='word_1_21' title='bbox 810 432 905 509; x_wconf 89' lang='lat' dir='ltr'><strong>lgitur</strong></span> <span class='ocrx_word' id='word_1_22' title='bbox 933 449 1006 514; x_wconf 79' lang='lat' dir='ltr'><strong>quae</strong></span> <span class='ocrx_word' id='word_1_23' title='bbox 1031 433 1136 515; x_wconf 86' lang='lat' dir='ltr'><strong>aliquis</strong></span> <span class='ocrx_word' id='word_1_24' title='bbox 1157 432 1344 495; x_wconf 75' lang='lat' dir='ltr'><strong>sustinendae</strong></span> 
     </span>
     <span class='ocr_line' id='line_1_4' title="bbox 110 536 1344 617; baseline -0.001 -18"><span class='ocrx_word' id='word_1_25' title='bbox 110 538 248 599; x_wconf 73' lang='lat' dir='ltr'><strong>Burmanni</strong></span> <span class='ocrx_word' id='word_1_26' title='bbox 268 539 432 600; x_wconf 76' lang='lat' dir='ltr'><strong>sententiae</strong></span> <span class='ocrx_word' id='word_1_27' title='bbox 453 545 622 617; x_wconf 84' lang='lat' dir='ltr'><strong>argumenta</strong></span> <span class='ocrx_word' id='word_1_28' title='bbox 643 537 827 616; x_wconf 74' lang='lat' dir='ltr'><strong>suppeditet,</strong></span> <span class='ocrx_word' id='word_1_29' title='bbox 856 556 970 599; x_wconf 80' lang='lat' dir='ltr'><strong>vernos</strong></span> <span class='ocrx_word' id='word_1_30' title='bbox 994 537 1141 614; x_wconf 84' lang='lat' dir='ltr'><strong>aptissime</strong></span> <span class='ocrx_word' id='word_1_31' title='bbox 1163 536 1220 597; x_wconf 90' lang='lat' dir='ltr'><strong>diei</strong></span> <span class='ocrx_word' id='word_1_32' title='bbox 1242 554 1344 612; x_wconf 86' lang='lat' dir='ltr'><strong>rosas,</strong></span> 
     </span>
     <span class='ocr_line' id='line_1_5' title="bbox 109 614 1346 722; baseline 0 -19"><span class='ocrx_word' id='word_1_33' title='bbox 109 647 152 703; x_wconf 77' lang='lat' dir='ltr'><strong>tum</strong></span> <span class='ocrx_word' id='word_1_34' title='bbox 172 642 202 702; x_wconf 92' lang='lat' dir='ltr'><strong>iu</strong></span> <span class='ocrx_word' id='word_1_35' title='bbox 225 614 343 704; x_wconf 77' lang='lat' dir='ltr'><strong>easdem</strong></span> <span class='ocrx_word' id='word_1_36' title='bbox 366 660 448 722; x_wconf 79' lang='lat' dir='ltr'><strong>quum</strong></span> <span class='ocrx_word' id='word_1_37' title='bbox 471 643 591 702; x_wconf 87' lang='lat' dir='ltr'><strong>maxime</strong></span> <span class='ocrx_word' id='word_1_38' title='bbox 614 641 719 701; x_wconf 87' lang='lat' dir='ltr'><strong>eadere</strong></span> <span class='ocrx_word' id='word_1_39' title='bbox 741 638 865 700; x_wconf 87' lang='lat' dir='ltr'><strong>eolorem</strong></span> <span class='ocrx_word' id='word_1_40' title='bbox 884 658 1086 721; x_wconf 77' lang='lat' dir='ltr'><strong>purpurentur,</strong></span> <span class='ocrx_word' id='word_1_41' title='bbox 1112 640 1235 720; x_wconf 85' lang='lat' dir='ltr'><strong>denique</strong></span> <span class='ocrx_word' id='word_1_42' title='bbox 1257 628 1346 703; x_wconf 79' lang='lat' dir='ltr'><strong>emta</strong></span> 
     </span>
     <span class='ocr_line' id='line_1_6' title="bbox 113 740 1343 825; baseline -0.003 -16"><span class='ocrx_word' id='word_1_43' title='bbox 113 744 226 809; x_wconf 79' lang='lat' dir='ltr'><strong>Veneris</strong></span> <span class='ocrx_word' id='word_1_44' title='bbox 250 749 406 825; x_wconf 84' lang='lat' dir='ltr'><strong>propterea</strong></span> <span class='ocrx_word' id='word_1_45' title='bbox 427 745 564 822; x_wconf 87' lang='lat' dir='ltr'><strong>seriptum</strong></span> <span class='ocrx_word' id='word_1_46' title='bbox 587 740 669 816; x_wconf 80' lang='lat' dir='ltr'><strong>esse,</strong></span> <span class='ocrx_word' id='word_1_47' title='bbox 693 743 769 824; x_wconf 88' lang='lat' dir='ltr'><strong>quod</strong></span> <span class='ocrx_word' id='word_1_48' title='bbox 791 759 876 803; x_wconf 88' lang='lat' dir='ltr'><strong>saera</strong></span> <span class='ocrx_word' id='word_1_49' title='bbox 891 743 1000 805; x_wconf 83' lang='lat' dir='ltr'><strong>Veneri</strong></span> <span class='ocrx_word' id='word_1_50' title='bbox 1018 761 1087 804; x_wconf 87' lang='lat' dir='ltr'><strong>rosa</strong></span> <span class='ocrx_word' id='word_1_51' title='bbox 1106 744 1159 804; x_wconf 91' lang='lat' dir='ltr'><strong>slt:</strong></span> <span class='ocrx_word' id='word_1_52' title='bbox 1183 761 1219 805; x_wconf 89' lang='lat' dir='ltr'><strong>ea</strong></span> <span class='ocrx_word' id='word_1_53' title='bbox 1235 745 1343 819; x_wconf 86' lang='lat' dir='ltr'><strong>ununln,</strong></span> 
     </span>
     <span class='ocr_line' id='line_1_7' title="bbox 109 845 1345 929; baseline -0.001 -19"><span class='ocrx_word' id='word_1_54' title='bbox 109 850 151 910; x_wconf 82' lang='lat' dir='ltr'><strong>ebt</strong></span> <span class='ocrx_word' id='word_1_55' title='bbox 174 846 296 926; x_wconf 85' lang='lat' dir='ltr'><strong>singula</strong></span> <span class='ocrx_word' id='word_1_56' title='bbox 322 847 427 929; x_wconf 90' lang='lat' dir='ltr'><strong>aliquid</strong></span> <span class='ocrx_word' id='word_1_57' title='bbox 459 849 521 908; x_wconf 88' lang='lat' dir='ltr'><strong>ueri</strong></span> <span class='ocrx_word' id='word_1_58' title='bbox 548 845 671 918; x_wconf 90' lang='lat' dir='ltr'><strong>babent,</strong></span> <span class='ocrx_word' id='word_1_59' title='bbox 701 847 788 921; x_wconf 90' lang='lat' dir='ltr'><strong>iilud,</strong></span> <span class='ocrx_word' id='word_1_60' title='bbox 816 846 892 927; x_wconf 87' lang='lat' dir='ltr'><strong>quod</strong></span> <span class='ocrx_word' id='word_1_61' title='bbox 916 847 1092 908; x_wconf 76' lang='lat' dir='ltr'>Burmannus</span> <span class='ocrx_word' id='word_1_62' title='bbox 1122 845 1257 922; x_wconf 88' lang='lat' dir='ltr'><strong>ubiebat,</strong></span> <span class='ocrx_word' id='word_1_63' title='bbox 1287 866 1345 909; x_wconf 92' lang='lat' dir='ltr'><strong>non</strong></span> 
     </span>
     <span class='ocr_line' id='line_1_8' title="bbox 107 949 1346 1031; baseline -0.002 -17"><span class='ocrx_word' id='word_1_64' title='bbox 107 951 228 1031; x_wconf 82' lang='lat' dir='ltr'><strong>probant.</strong></span> <span class='ocrx_word' id='word_1_65' title='bbox 269 951 342 1013; x_wconf 89' lang='lat' dir='ltr'><strong>Nam</strong></span> <span class='ocrx_word' id='word_1_66' title='bbox 364 952 471 1030; x_wconf 89' lang='lat' dir='ltr'><strong>primo,</strong></span> <span class='ocrx_word' id='word_1_67' title='bbox 494 969 577 1031; x_wconf 86' lang='lat' dir='ltr'><strong>quum</strong></span> <span class='ocrx_word' id='word_1_68' title='bbox 602 949 780 1010; x_wconf 79' lang='lat' dir='ltr'><strong>verissimum</strong></span> <span class='ocrx_word' id='word_1_69' title='bbox 803 950 859 1023; x_wconf 87' lang='lat' dir='ltr'><strong>sit,</strong></span> <span class='ocrx_word' id='word_1_70' title='bbox 882 969 974 1011; x_wconf 80' lang='lat' dir='ltr'><strong>neren</strong></span> <span class='ocrx_word' id='word_1_71' title='bbox 998 949 1126 1028; x_wconf 84' lang='lat' dir='ltr'><strong>tempori</strong></span> <span class='ocrx_word' id='word_1_72' title='bbox 1145 968 1248 1011; x_wconf 83' lang='lat' dir='ltr'><strong>rnanrn</strong></span> <span class='ocrx_word' id='word_1_73' title='bbox 1263 951 1346 1012; x_wconf 86' lang='lat' dir='ltr'><strong>ussi-</strong></span> 
     </span>
     <span class='ocr_line' id='line_1_9' title="bbox 106 1051 1346 1137; baseline 0.002 -23"><span class='ocrx_word' id='word_1_74' title='bbox 106 1055 176 1131; x_wconf 83' lang='lat' dir='ltr'><strong>guarl</strong></span> <span class='ocrx_word' id='word_1_75' title='bbox 199 1055 389 1137; x_wconf 82' lang='lat' dir='ltr'><strong>saepissime,</strong></span> <span class='ocrx_word' id='word_1_76' title='bbox 418 1053 520 1114; x_wconf 90' lang='lat' dir='ltr'><strong>eodem</strong></span> <span class='ocrx_word' id='word_1_77' title='bbox 541 1054 603 1114; x_wconf 89' lang='lat' dir='ltr'><strong>ture</strong></span> <span class='ocrx_word' id='word_1_78' title='bbox 625 1052 675 1117; x_wconf 88' lang='lat' dir='ltr'><strong>alii</strong></span> <span class='ocrx_word' id='word_1_79' title='bbox 696 1052 801 1123; x_wconf 88' lang='lat' dir='ltr'><strong>liores,</strong></span> <span class='ocrx_word' id='word_1_80' title='bbox 832 1056 863 1114; x_wconf 88' lang='lat' dir='ltr'><strong>et</strong></span> <span class='ocrx_word' id='word_1_81' title='bbox 883 1051 971 1113; x_wconf 88' lang='lat' dir='ltr'><strong>liores</strong></span> <span class='ocrx_word' id='word_1_82' title='bbox 993 1051 1022 1113; x_wconf 87' lang='lat' dir='ltr'><strong>iu</strong></span> <span class='ocrx_word' id='word_1_83' title='bbox 1045 1053 1208 1114; x_wconf 88' lang='lat' dir='ltr'><strong>universnm</strong></span> <span class='ocrx_word' id='word_1_84' title='bbox 1229 1070 1346 1134; x_wconf 85' lang='lat' dir='ltr'><strong>onmes,</strong></span> 
     </span>
     <span class='ocr_line' id='line_1_10' title="bbox 107 1155 1346 1236; baseline 0 -17"><span class='ocrx_word' id='word_1_85' title='bbox 107 1164 297 1236; x_wconf 72' lang='lat' dir='ltr'><strong>permaturam</strong></span> <span class='ocrx_word' id='word_1_86' title='bbox 319 1159 379 1233; x_wconf 89' lang='lat' dir='ltr'><strong>rei,</strong></span> <span class='ocrx_word' id='word_1_87' title='bbox 409 1157 500 1218; x_wconf 90' lang='lat' dir='ltr'><strong>eidem</strong></span> <span class='ocrx_word' id='word_1_88' title='bbox 523 1155 644 1235; x_wconf 78' lang='lat' dir='ltr'><strong>tempor!</strong></span> <span class='ocrx_word' id='word_1_89' title='bbox 671 1157 818 1232; x_wconf 85' lang='lat' dir='ltr'><strong>assignari</strong></span> <span class='ocrx_word' id='word_1_90' title='bbox 846 1159 1018 1235; x_wconf 88' lang='lat' dir='ltr'><strong>potuerant,</strong></span> <span class='ocrx_word' id='word_1_91' title='bbox 1046 1159 1077 1218; x_wconf 91' lang='lat' dir='ltr'><strong>et</strong></span> <span class='ocrx_word' id='word_1_92' title='bbox 1104 1155 1293 1233; x_wconf 71' lang='lat' dir='ltr'><strong>assignantur</strong></span> <span class='ocrx_word' id='word_1_93' title='bbox 1315 1174 1346 1219; x_wconf 87' lang='lat' dir='ltr'><strong>re</strong></span> 
     </span>
     <span class='ocr_line' id='line_1_11' title="bbox 107 1257 1346 1343; baseline 0.002 -21"><span class='ocrx_word' id='word_1_94' title='bbox 107 1279 183 1338; x_wconf 81' lang='lat' dir='ltr'><strong>uera,</strong></span> <span class='ocrx_word' id='word_1_95' title='bbox 208 1265 241 1322; x_wconf 91' lang='lat' dir='ltr'><strong>ut</strong></span> <span class='ocrx_word' id='word_1_96' title='bbox 262 1279 279 1321; x_wconf 88' lang='lat' dir='ltr'><strong>a</strong></span> <span class='ocrx_word' id='word_1_97' title='bbox 302 1259 436 1322; x_wconf 79' lang='lat' dir='ltr'><strong>Lueretio</strong></span> <span class='ocrx_word' id='word_1_98' title='bbox 459 1257 638 1320; x_wconf 84' lang='lat' dir='ltr'><strong>nobilissimo</strong></span> <span class='ocrx_word' id='word_1_99' title='bbox 660 1260 783 1320; x_wconf 83' lang='lat' dir='ltr'><strong>exordio</strong></span> <span class='ocrx_word' id='word_1_100' title='bbox 805 1259 871 1320; x_wconf 86' lang='lat' dir='ltr'><strong>iibri</strong></span> <span class='ocrx_word' id='word_1_101' title='bbox 894 1260 996 1338; x_wconf 88' lang='lat' dir='ltr'><strong>primi,</strong></span> <span class='ocrx_word' id='word_1_102' title='bbox 1020 1263 1053 1321; x_wconf 89' lang='lat' dir='ltr'><strong>et</strong></span> <span class='ocrx_word' id='word_1_103' title='bbox 1073 1258 1125 1321; x_wconf 86' lang='lat' dir='ltr'><strong>lib.</strong></span> <span class='ocrx_word' id='word_1_104' title='bbox 1139 1259 1177 1321; x_wconf 85' lang='lat' dir='ltr'><strong>V.</strong></span> <span class='ocrx_word' id='word_1_105' title='bbox 1196 1263 1268 1323; x_wconf 79' lang='grc'><strong>136.</strong></span> <span class='ocrx_word' id='word_1_106' title='bbox 1281 1279 1346 1343; x_wconf 67' lang='lat' dir='ltr'><strong>sqq,</strong></span> 
     </span>
     <span class='ocr_line' id='line_1_12' title="bbox 107 1360 1348 1449; baseline 0 -22"><span class='ocrx_word' id='word_1_107' title='bbox 107 1362 243 1441; x_wconf 80' lang='lat' dir='ltr'><strong>Virgilius</strong></span> <span class='ocrx_word' id='word_1_108' title='bbox 264 1360 372 1431; x_wconf 78' lang='lat' dir='ltr'><strong>Guliee</strong></span> <span class='ocrx_word' id='word_1_109' title='bbox 390 1383 420 1423; x_wconf 88' lang='lat' dir='ltr'><strong>u.</strong></span> <span class='ocrx_word' id='word_1_110' title='bbox 443 1367 496 1425; x_wconf 82' lang='lat' dir='ltr'><strong>eu.</strong></span> <span class='ocrx_word' id='word_1_111' title='bbox 520 1364 571 1423; x_wconf 79' lang='lat' dir='ltr'><strong>ao.</strong></span> <span class='ocrx_word' id='word_1_112' title='bbox 606 1362 735 1425; x_wconf 78' lang='lat' dir='ltr'><strong>Florida</strong></span> <span class='ocrx_word' id='word_1_113' title='bbox 759 1384 847 1449; x_wconf 75' lang='lat' dir='ltr'><strong>punem</strong></span> <span class='ocrx_word' id='word_1_114' title='bbox 868 1363 963 1427; x_wconf 64' lang='lat' dir='ltr'><strong>tettae</strong></span> <span class='ocrx_word' id='word_1_115' title='bbox 984 1368 1161 1443; x_wconf 73' lang='lat' dir='ltr'><strong>gemmantia</strong></span> <span class='ocrx_word' id='word_1_116' title='bbox 1181 1366 1271 1446; x_wconf 81' lang='lat' dir='ltr'><strong>pieta</strong></span> <span class='ocrx_word' id='word_1_117' title='bbox 1290 1384 1348 1447; x_wconf 86' lang='lat' dir='ltr'><strong>per</strong></span> 
     </span>
     <span class='ocr_line' id='line_1_13' title="bbox 107 1463 1346 1554; baseline 0 -24"><span class='ocrx_word' id='word_1_118' title='bbox 107 1467 206 1530; x_wconf 77' lang='lat' dir='ltr'><strong>term</strong></span> <span class='ocrx_word' id='word_1_119' title='bbox 236 1466 312 1530; x_wconf 85' lang='lat' dir='ltr'><strong>Vere</strong></span> <span class='ocrx_word' id='word_1_120' title='bbox 333 1476 420 1529; x_wconf 84' lang='lat' dir='ltr'><strong>notat</strong></span> <span class='ocrx_word' id='word_1_121' title='bbox 441 1467 527 1528; x_wconf 81' lang='lat' dir='ltr'><strong>dulei</strong></span> <span class='ocrx_word' id='word_1_122' title='bbox 549 1467 699 1528; x_wconf 81' lang='lat' dir='ltr'><strong>distinete</strong></span> <span class='ocrx_word' id='word_1_123' title='bbox 722 1467 874 1529; x_wconf 66' lang='lat' dir='ltr'><strong>coloribus</strong></span> <span class='ocrx_word' id='word_1_124' title='bbox 896 1487 988 1529; x_wconf 84' lang='lat' dir='ltr'><strong>arva.</strong></span> <span class='ocrx_word' id='word_1_125' title='bbox 1013 1464 1059 1554; x_wconf 79' lang='lat' dir='ltr'><strong>Gt.</strong></span> <span class='ocrx_word' id='word_1_126' title='bbox 1081 1466 1121 1528; x_wconf 89' lang='grc'><strong>11.</strong></span> <span class='ocrx_word' id='word_1_127' title='bbox 1142 1471 1215 1530; x_wconf 78' lang='lat' dir='ltr'><strong>lde.</strong></span> <span class='ocrx_word' id='word_1_128' title='bbox 1239 1463 1346 1530; x_wconf 72' lang='lat' dir='ltr'><strong>(intuli.</strong></span> 
     </span>
     <span class='ocr_line' id='line_1_14' title="bbox 108 1568 1348 1649; baseline 0.002 -18"><span class='ocrx_word' id='word_1_129' title='bbox 108 1568 193 1649; x_wconf 83' lang='lat' dir='ltr'><strong>bpltb.</strong></span> <span class='ocrx_word' id='word_1_130' title='bbox 216 1570 253 1632; x_wconf 88' lang='lat' dir='ltr'><strong>P.</strong></span> <span class='ocrx_word' id='word_1_131' title='bbox 276 1575 308 1632; x_wconf 89' lang='lat' dir='ltr'><strong>et</strong></span> <span class='ocrx_word' id='word_1_132' title='bbox 328 1569 393 1632; x_wconf 81' lang='lat' dir='ltr'><strong>Tb.</strong></span> <span class='ocrx_word' id='word_1_133' title='bbox 424 1571 738 1632; x_wconf 66' lang='lat' dir='ltr'><strong>,luraeedietinetne</strong></span> <span class='ocrx_word' id='word_1_134' title='bbox 766 1572 870 1633; x_wconf 81' lang='lat' dir='ltr'><strong>educit</strong></span> <span class='ocrx_word' id='word_1_135' title='bbox 891 1591 987 1633; x_wconf 81' lang='lat' dir='ltr'><strong>verna</strong></span> <span class='ocrx_word' id='word_1_136' title='bbox 1013 1571 1143 1632; x_wconf 78' lang='lat' dir='ltr'><strong>colores.</strong></span> <span class='ocrx_word' id='word_1_137' title='bbox 1188 1569 1250 1634; x_wconf 76' lang='lat' dir='ltr'><strong>seu</strong></span> <span class='ocrx_word' id='word_1_138' title='bbox 1273 1571 1348 1634; x_wconf 81' lang='lat' dir='ltr'><strong>bnee</strong></span> 
     </span>
     <span class='ocr_line' id='line_1_15' title="bbox 109 1672 1349 1756; baseline 0.001 -21"><span class='ocrx_word' id='word_1_139' title='bbox 109 1690 187 1750; x_wconf 84' lang='lat' dir='ltr'><strong>puuea</strong></span> <span class='ocrx_word' id='word_1_140' title='bbox 209 1674 246 1734; x_wconf 91' lang='lat' dir='ltr'><strong>de</strong></span> <span class='ocrx_word' id='word_1_141' title='bbox 267 1672 373 1735; x_wconf 84' lang='lat' dir='ltr'><strong>nnultis.</strong></span> <span class='ocrx_word' id='word_1_142' title='bbox 421 1673 533 1734; x_wconf 81' lang='lat' dir='ltr'><strong>lieinde</strong></span> <span class='ocrx_word' id='word_1_143' title='bbox 554 1672 635 1734; x_wconf 86' lang='lat' dir='ltr'><strong>notor</strong></span> <span class='ocrx_word' id='word_1_144' title='bbox 655 1692 850 1756; x_wconf 72' lang='lat' dir='ltr'><strong>purpureos,</strong></span> <span class='ocrx_word' id='word_1_145' title='bbox 881 1673 937 1735; x_wconf 89' lang='lat' dir='ltr'><strong>etsi</strong></span> <span class='ocrx_word' id='word_1_146' title='bbox 966 1672 1034 1734; x_wconf 91' lang='lat' dir='ltr'><strong>nulli</strong></span> <span class='ocrx_word' id='word_1_147' title='bbox 1061 1672 1125 1734; x_wconf 85' lang='lat' dir='ltr'><strong>dori</strong></span> <span class='ocrx_word' id='word_1_148' title='bbox 1153 1675 1273 1754; x_wconf 87' lang='lat' dir='ltr'><strong>saepius</strong></span> <span class='ocrx_word' id='word_1_149' title='bbox 1300 1683 1349 1736; x_wconf 85' lang='lat' dir='ltr'><strong>nt-</strong></span> 
     </span>
     <span class='ocr_line' id='line_1_16' title="bbox 110 1775 1349 1857; baseline 0.001 -20"><span class='ocrx_word' id='word_1_150' title='bbox 110 1793 152 1856; x_wconf 81' lang='lat' dir='ltr'><strong>que</strong></span> <span class='ocrx_word' id='word_1_151' title='bbox 174 1777 415 1857; x_wconf 61' lang='lat' dir='ltr'><strong>oblatrandum</strong></span> <span class='ocrx_word' id='word_1_152' title='bbox 436 1788 539 1852; x_wconf 79' lang='lat' dir='ltr'><strong>rosae,</strong></span> <span class='ocrx_word' id='word_1_153' title='bbox 564 1776 716 1848; x_wconf 75' lang='lat' dir='ltr'><strong>tribuitur,</strong></span> <span class='ocrx_word' id='word_1_154' title='bbox 739 1778 823 1839; x_wconf 86' lang='lat' dir='ltr'><strong>etlam</strong></span> <span class='ocrx_word' id='word_1_155' title='bbox 846 1778 882 1838; x_wconf 91' lang='lat' dir='ltr'><strong>ad</strong></span> <span class='ocrx_word' id='word_1_156' title='bbox 904 1776 977 1837; x_wconf 82' lang='lat' dir='ltr'><strong>ellos</strong></span> <span class='ocrx_word' id='word_1_157' title='bbox 1000 1775 1087 1839; x_wconf 84' lang='lat' dir='ltr'><strong>bures</strong></span> <span class='ocrx_word' id='word_1_158' title='bbox 1109 1779 1242 1840; x_wconf 82' lang='lat' dir='ltr'><strong>retertur.</strong></span> <span class='ocrx_word' id='word_1_159' title='bbox 1275 1777 1349 1839; x_wconf 90' lang='lat' dir='ltr'><strong>Vir-</strong></span> 
     </span>
     <span class='ocr_line' id='line_1_17' title="bbox 110 1879 1347 1966; baseline 0.001 -25"><span class='ocrx_word' id='word_1_160' title='bbox 110 1879 183 1955; x_wconf 83' lang='lat' dir='ltr'><strong>giius</strong></span> <span class='ocrx_word' id='word_1_161' title='bbox 205 1879 318 1959; x_wconf 84' lang='lat' dir='ltr'><strong>Georg.</strong></span> <span class='ocrx_word' id='word_1_162' title='bbox 340 1879 396 1943; x_wconf 89' lang='lat' dir='ltr'><strong>lv.</strong></span> <span class='ocrx_word' id='word_1_163' title='bbox 419 1887 493 1942; x_wconf 82' lang='grc'><strong>306.</strong></span> <span class='ocrx_word' id='word_1_164' title='bbox 517 1883 598 1943; x_wconf 82' lang='lat' dir='ltr'><strong>Ante</strong></span> <span class='ocrx_word' id='word_1_165' title='bbox 619 1886 709 1945; x_wconf 78' lang='lat' dir='ltr'><strong>novin</strong></span> <span class='ocrx_word' id='word_1_166' title='bbox 731 1881 852 1942; x_wconf 85' lang='lat' dir='ltr'><strong>rubeunt</strong></span> <span class='ocrx_word' id='word_1_167' title='bbox 875 1900 964 1966; x_wconf 76' lang='lat' dir='ltr'><strong>quom</strong></span> <span class='ocrx_word' id='word_1_168' title='bbox 984 1891 1081 1963; x_wconf 83' lang='lat' dir='ltr'><strong>prata</strong></span> <span class='ocrx_word' id='word_1_169' title='bbox 1102 1880 1268 1944; x_wconf 82' lang='lat' dir='ltr'><strong>entoriburr.</strong></span> <span class='ocrx_word' id='word_1_170' title='bbox 1298 1881 1347 1944; x_wconf 82' lang='lat' dir='ltr'><strong>Gt.</strong></span> 
     </span>
     <span class='ocr_line' id='line_1_18' title="bbox 110 1975 1347 2062; baseline 0.003 -20"><span class='ocrx_word' id='word_1_171' title='bbox 110 1979 137 2043; x_wconf 88' lang='lat' dir='ltr'><strong>ll.</strong></span> <span class='ocrx_word' id='word_1_172' title='bbox 158 1989 232 2046; x_wconf 87' lang='grc'><strong>319.</strong></span> <span class='ocrx_word' id='word_1_173' title='bbox 266 1982 347 2045; x_wconf 83' lang='lat' dir='ltr'><strong>Urude</strong></span> <span class='ocrx_word' id='word_1_174' title='bbox 371 1985 495 2062; x_wconf 78' lang='lat' dir='ltr'><strong>proiecit</strong></span> <span class='ocrx_word' id='word_1_175' title='bbox 517 1983 693 2046; x_wconf 82' lang='lat' dir='ltr'><strong>Claudianus</strong></span> <span class='ocrx_word' id='word_1_176' title='bbox 714 1984 828 2045; x_wconf 85' lang='lat' dir='ltr'><strong>XXIX.</strong></span> <span class='ocrx_word' id='word_1_177' title='bbox 853 1986 882 2045; x_wconf 85' lang='lat' dir='ltr'><strong>i.</strong></span> <span class='ocrx_word' id='word_1_178' title='bbox 906 1975 995 2046; x_wconf 70' lang='lat' dir='ltr'><strong>et&#39;tn</strong></span> <span class='ocrx_word' id='word_1_179' title='bbox 1021 1984 1055 2045; x_wconf 84' lang='lat' dir='ltr'><strong>P.</strong></span> <span class='ocrx_word' id='word_1_180' title='bbox 1078 1982 1117 2045; x_wconf 91' lang='lat' dir='ltr'><strong>ll.</strong></span> <span class='ocrx_word' id='word_1_181' title='bbox 1143 1990 1195 2046; x_wconf 84' lang='grc'><strong>90.</strong></span> <span class='ocrx_word' id='word_1_182' title='bbox 1224 1984 1347 2062; x_wconf 84' lang='lat' dir='ltr'><strong>Pervig.</strong></span> 
     </span>
     <span class='ocr_line' id='line_1_19' title="bbox 111 2084 1348 2170; baseline 0.002 -22"><span class='ocrx_word' id='word_1_183' title='bbox 111 2085 172 2149; x_wconf 80' lang='lat' dir='ltr'><strong>len.</strong></span> <span class='ocrx_word' id='word_1_184' title='bbox 195 2091 250 2149; x_wconf 87' lang='grc'><strong>13.</strong></span> <span class='ocrx_word' id='word_1_185' title='bbox 288 2088 367 2170; x_wconf 80' lang='lat' dir='ltr'><strong>lpea</strong></span> <span class='ocrx_word' id='word_1_186' title='bbox 388 2107 540 2166; x_wconf 83' lang='lat' dir='ltr'><strong>pemmoue</strong></span> <span class='ocrx_word' id='word_1_187' title='bbox 564 2084 616 2161; x_wconf 83' lang='lat' dir='ltr'><strong>(el.</strong></span> <span class='ocrx_word' id='word_1_188' title='bbox 639 2091 793 2168; x_wconf 71' lang='lat' dir='ltr'><strong>gemmeis)</strong></span> <span class='ocrx_word' id='word_1_189' title='bbox 816 2093 1017 2166; x_wconf 82' lang='lat' dir='ltr'><strong>purpurantem</strong></span> <span class='ocrx_word' id='word_1_190' title='bbox 1037 2091 1138 2169; x_wconf 72' lang='lat' dir='ltr'><strong>pingit</strong></span> <span class='ocrx_word' id='word_1_191' title='bbox 1159 2107 1268 2151; x_wconf 84' lang='lat' dir='ltr'><strong>annum</strong></span> <span class='ocrx_word' id='word_1_192' title='bbox 1288 2088 1348 2168; x_wconf 73' lang='lat' dir='ltr'><strong>tto-</strong></span> 
     </span>
     <span class='ocr_line' id='line_1_20' title="bbox 112 2189 1349 2277; baseline 0.002 -24"><span class='ocrx_word' id='word_1_193' title='bbox 112 2189 191 2253; x_wconf 69' lang='lat' dir='ltr'><strong>ntus.</strong></span> <span class='ocrx_word' id='word_1_194' title='bbox 238 2191 345 2272; x_wconf 78' lang='lat' dir='ltr'><strong>utqui</strong></span> <span class='ocrx_word' id='word_1_195' title='bbox 371 2189 410 2252; x_wconf 87' lang='lat' dir='ltr'><strong>lbi</strong></span> <span class='ocrx_word' id='word_1_196' title='bbox 434 2190 507 2251; x_wconf 86' lang='lat' dir='ltr'><strong>uiris</strong></span> <span class='ocrx_word' id='word_1_197' title='bbox 529 2190 624 2253; x_wconf 88' lang='lat' dir='ltr'><strong>doetis</strong></span> <span class='ocrx_word' id='word_1_198' title='bbox 646 2190 793 2277; x_wconf 82' lang='lat' dir='ltr'><strong>laudatur,</strong></span> <span class='ocrx_word' id='word_1_199' title='bbox 817 2189 982 2271; x_wconf 76' lang='lat' dir='ltr'><strong>Appuleius</strong></span> <span class='ocrx_word' id='word_1_200' title='bbox 1007 2190 1058 2253; x_wconf 85' lang='lat' dir='ltr'><strong>Vl.</strong></span> <span class='ocrx_word' id='word_1_201' title='bbox 1080 2210 1112 2270; x_wconf 81' lang='lat' dir='ltr'><strong>p.</strong></span> <span class='ocrx_word' id='word_1_202' title='bbox 1138 2196 1209 2253; x_wconf 87' lang='grc'><strong>183.</strong></span> <span class='ocrx_word' id='word_1_203' title='bbox 1241 2193 1349 2256; x_wconf 84' lang='lat' dir='ltr'><strong>Horae</strong></span> 
     </span>
     <span class='ocr_line' id='line_1_21' title="bbox 112 2290 1350 2379; baseline 0.002 -23"><span class='ocrx_word' id='word_1_204' title='bbox 112 2298 179 2357; x_wconf 82' lang='lat' dir='ltr'><strong>muta</strong></span> <span class='ocrx_word' id='word_1_205' title='bbox 202 2305 233 2356; x_wconf 91' lang='lat' dir='ltr'><strong>et</strong></span> <span class='ocrx_word' id='word_1_206' title='bbox 255 2297 366 2356; x_wconf 78' lang='lat' dir='ltr'><strong>ceteris</strong></span> <span class='ocrx_word' id='word_1_207' title='bbox 388 2292 515 2374; x_wconf 76' lang='lat' dir='ltr'><strong>floribus</strong></span> <span class='ocrx_word' id='word_1_208' title='bbox 538 2290 735 2372; x_wconf 84' lang='lat' dir='ltr'><strong>purpurabant</strong></span> <span class='ocrx_word' id='word_1_209' title='bbox 757 2297 866 2356; x_wconf 80' lang='lat' dir='ltr'><strong>noenta.</strong></span> <span class='ocrx_word' id='word_1_210' title='bbox 897 2292 948 2353; x_wconf 89' lang='lat' dir='ltr'><strong>lib.</strong></span> <span class='ocrx_word' id='word_1_211' title='bbox 968 2294 1011 2357; x_wconf 80' lang='lat' dir='ltr'><strong>X.</strong></span> <span class='ocrx_word' id='word_1_212' title='bbox 1032 2312 1063 2373; x_wconf 86' lang='lat' dir='ltr'><strong>p.</strong></span> <span class='ocrx_word' id='word_1_213' title='bbox 1085 2298 1160 2356; x_wconf 78' lang='lat'><strong>253.</strong></span> <span class='ocrx_word' id='word_1_214' title='bbox 1192 2297 1273 2379; x_wconf 80' lang='lat' dir='ltr'><strong>pond</strong></span> <span class='ocrx_word' id='word_1_215' title='bbox 1295 2317 1350 2358; x_wconf 87' lang='lat' dir='ltr'><strong>ver</strong></span> 
     </span>
     <span class='ocr_line' id='line_1_22' title="bbox 112 2397 1348 2481; baseline 0.002 -24"><span class='ocrx_word' id='word_1_216' title='bbox 112 2399 219 2481; x_wconf 79' lang='lat' dir='ltr'><strong>inipso</strong></span> <span class='ocrx_word' id='word_1_217' title='bbox 242 2407 311 2460; x_wconf 86' lang='lat' dir='ltr'><strong>ortu</strong></span> <span class='ocrx_word' id='word_1_218' title='bbox 333 2400 392 2459; x_wconf 86' lang='lat' dir='ltr'><strong>iam</strong></span> <span class='ocrx_word' id='word_1_219' title='bbox 414 2397 568 2477; x_wconf 73' lang='lat' dir='ltr'><strong>perorantis</strong></span> <span class='ocrx_word' id='word_1_220' title='bbox 591 2397 712 2478; x_wconf 71' lang='lat' dir='ltr'><strong>floridis</strong></span> <span class='ocrx_word' id='word_1_221' title='bbox 736 2408 846 2460; x_wconf 84' lang='lat' dir='ltr'><strong>coneto</strong></span> <span class='ocrx_word' id='word_1_222' title='bbox 868 2398 1058 2476; x_wconf 72' lang='lat' dir='ltr'><strong>depingeret,</strong></span> <span class='ocrx_word' id='word_1_223' title='bbox 1080 2409 1110 2460; x_wconf 88' lang='lat' dir='ltr'><strong>et</strong></span> <span class='ocrx_word' id='word_1_224' title='bbox 1125 2401 1185 2460; x_wconf 84' lang='lat' dir='ltr'><strong>tom</strong></span> <span class='ocrx_word' id='word_1_225' title='bbox 1204 2417 1348 2478; x_wconf 90' lang='lat' dir='ltr'><strong>purpureo</strong></span> 
     </span>
    </p>
   </div>
   <div class='ocr_carea' id='block_1_3' title="bbox 112 2495 1357 2684">
    <p class='ocr_par' dir='ltr' id='par_1_3' title="bbox 112 2495 1357 2684">
     <span class='ocr_line' id='line_1_23' title="bbox 112 2495 1348 2588; baseline -0.002 -27"><span class='ocrx_word' id='word_1_226' title='bbox 112 2501 189 2588; x_wconf 75' lang='lat' dir='ltr'><strong>u&#39;ture</strong></span> <span class='ocrx_word' id='word_1_227' title='bbox 209 2512 306 2584; x_wconf 85' lang='lat' dir='ltr'><strong>proto</strong></span> <span class='ocrx_word' id='word_1_228' title='bbox 336 2504 474 2565; x_wconf 76' lang='lat' dir='ltr'><strong>vestiret.</strong></span> <span class='ocrx_word' id='word_1_229' title='bbox 520 2501 566 2561; x_wconf 81' lang='lat' dir='ltr'><strong>ux</strong></span> <span class='ocrx_word' id='word_1_230' title='bbox 593 2502 719 2582; x_wconf 86' lang='lat' dir='ltr'><strong>antiquis</strong></span> <span class='ocrx_word' id='word_1_231' title='bbox 748 2502 787 2562; x_wconf 89' lang='lat' dir='ltr'><strong>ita</strong></span> <span class='ocrx_word' id='word_1_232' title='bbox 816 2501 959 2562; x_wconf 80' lang='lat' dir='ltr'><strong>Pindarus</strong></span> <span class='ocrx_word' id='word_1_233' title='bbox 988 2499 1078 2577; x_wconf 76' lang='lat' dir='ltr'><strong>Pytb.</strong></span> <span class='ocrx_word' id='word_1_234' title='bbox 1101 2499 1156 2562; x_wconf 82' lang='lat' dir='ltr'><strong>lv.</strong></span> <span class='ocrx_word' id='word_1_235' title='bbox 1183 2504 1253 2561; x_wconf 84' lang='lat' dir='ltr'><strong>ill.</strong></span> <span class='ocrx_word' id='word_1_236' title='bbox 1284 2495 1348 2570; x_wconf 64' lang='lat'><strong>035⁶</strong></span> 
     </span>
     <span class='ocr_line' id='line_1_24' title="bbox 113 2592 1357 2684; baseline 0.002 -21"><span class='ocrx_word' id='word_1_237' title='bbox 113 2602 366 2680; x_wconf 69' lang='grc' dir='ltr'><strong><em>φοινικανθέμου</em></strong></span> <span class='ocrx_word' id='word_1_238' title='bbox 391 2592 468 2682; x_wconf 76' lang='grc' dir='ltr'><strong>ἦρος</strong></span> <span class='ocrx_word' id='word_1_239' title='bbox 491 2598 589 2682; x_wconf 74' lang='grc' dir='ltr'><strong>ἀκμᾷ.</strong></span> <span class='ocrx_word' id='word_1_240' title='bbox 617 2603 758 2667; x_wconf 88' lang='lat' dir='ltr'><strong>lneertunr</strong></span> <span class='ocrx_word' id='word_1_241' title='bbox 775 2610 821 2665; x_wconf 91' lang='lat' dir='ltr'><strong>est</strong></span> <span class='ocrx_word' id='word_1_242' title='bbox 838 2603 885 2664; x_wconf 91' lang='lat' dir='ltr'><strong>bis</strong></span> <span class='ocrx_word' id='word_1_243' title='bbox 902 2603 974 2665; x_wconf 85' lang='lat' dir='ltr'><strong>lueis</strong></span> <span class='ocrx_word' id='word_1_244' title='bbox 993 2603 1142 2680; x_wconf 80' lang='lat' dir='ltr'><strong>erunibus,</strong></span> <span class='ocrx_word' id='word_1_245' title='bbox 1163 2608 1254 2666; x_wconf 86' lang='lat' dir='ltr'><strong>utrum</strong></span> <span class='ocrx_word' id='word_1_246' title='bbox 1274 2611 1357 2684; x_wconf 86' lang='lat' dir='ltr'><strong>poe-&#39;</strong></span> 
     </span>
    </p>
   </div>
   <div class='ocr_carea' id='block_1_4' title="bbox 104 2706 1422 4557">
    <p class='ocr_par' dir='ltr' id='par_1_4' title="bbox 104 2706 1422 4557">
     <span class='ocr_line' id='line_1_25' title="bbox 111 2706 1349 2792; baseline 0.003 -23"><span class='ocrx_word' id='word_1_247' title='bbox 111 2714 146 2769; x_wconf 79' lang='lat' dir='ltr'><strong>tre</strong></span> <span class='ocrx_word' id='word_1_248' title='bbox 163 2726 357 2792; x_wconf 72' lang='lat' dir='ltr'><strong>purpureos,</strong></span> <span class='ocrx_word' id='word_1_249' title='bbox 383 2707 430 2768; x_wconf 87' lang='lat' dir='ltr'><strong>vel</strong></span> <span class='ocrx_word' id='word_1_250' title='bbox 453 2707 593 2769; x_wconf 79' lang='lat' dir='ltr'><strong>rubentes</strong></span> <span class='ocrx_word' id='word_1_251' title='bbox 617 2706 704 2769; x_wconf 86' lang='lat' dir='ltr'><strong>dores</strong></span> <span class='ocrx_word' id='word_1_252' title='bbox 727 2726 962 2785; x_wconf 80' lang='lat' dir='ltr'><strong>commemorare,</strong></span> <span class='ocrx_word' id='word_1_253' title='bbox 986 2727 1068 2790; x_wconf 90' lang='lat' dir='ltr'><strong>quam</strong></span> <span class='ocrx_word' id='word_1_254' title='bbox 1085 2707 1177 2786; x_wconf 83' lang='lat' dir='ltr'><strong>ulios,</strong></span> <span class='ocrx_word' id='word_1_255' title='bbox 1200 2707 1349 2775; x_wconf 86' lang='lat' dir='ltr'><strong>maluerint</strong></span> 
     </span>
     <span class='ocr_line' id='line_1_26' title="bbox 109 2809 1353 2893; baseline -0.001 -18"><span class='ocrx_word' id='word_1_256' title='bbox 109 2821 215 2892; x_wconf 81' lang='lat' dir='ltr'><strong>propter</strong></span> <span class='ocrx_word' id='word_1_257' title='bbox 229 2812 435 2892; x_wconf 84' lang='lat' dir='ltr'><strong>praestantiam</strong></span> <span class='ocrx_word' id='word_1_258' title='bbox 451 2810 558 2873; x_wconf 86' lang='lat' dir='ltr'><strong>eoloris</strong></span> <span class='ocrx_word' id='word_1_259' title='bbox 582 2809 680 2889; x_wconf 81' lang='lat' dir='ltr'><strong>buius3</strong></span> <span class='ocrx_word' id='word_1_260' title='bbox 702 2830 754 2888; x_wconf 85' lang='lat' dir='ltr'><strong>an,</strong></span> <span class='ocrx_word' id='word_1_261' title='bbox 771 2831 844 2893; x_wconf 87' lang='lat' dir='ltr'><strong>qnae</strong></span> <span class='ocrx_word' id='word_1_262' title='bbox 858 2811 992 2886; x_wconf 86' lang='lat' dir='ltr'><strong>aliorum,</strong></span> <span class='ocrx_word' id='word_1_263' title='bbox 1014 2817 1048 2873; x_wconf 92' lang='grc' dir='ltr'><strong>ιιι</strong></span> <span class='ocrx_word' id='word_1_264' title='bbox 1063 2810 1186 2874; x_wconf 86' lang='lat' dir='ltr'><strong>Gesneri</strong></span> <span class='ocrx_word' id='word_1_265' title='bbox 1202 2812 1239 2875; x_wconf 85' lang='lat' dir='ltr'><strong>ed</strong></span> <span class='ocrx_word' id='word_1_266' title='bbox 1255 2812 1353 2876; x_wconf 81' lang='lat' dir='ltr'><strong>Clau--</strong></span> 
     </span>
     <span class='ocr_line' id='line_1_27' title="bbox 108 2912 1346 2994; baseline 0 -17"><span class='ocrx_word' id='word_1_267' title='bbox 108 2915 221 2986; x_wconf 82' lang='grc' dir='ltr'>ιιιιιιιιιι,</span> <span class='ocrx_word' id='word_1_268' title='bbox 246 2915 407 2990; x_wconf 89' lang='lat' dir='ltr'><strong>sententia,</strong></span> <span class='ocrx_word' id='word_1_269' title='bbox 430 2932 592 2994; x_wconf 81' lang='lat' dir='ltr'><strong>purpureus</strong></span> <span class='ocrx_word' id='word_1_270' title='bbox 616 2912 711 2989; x_wconf 85' lang='lat' dir='ltr'><strong>eolor,</strong></span> <span class='ocrx_word' id='word_1_271' title='bbox 734 2917 801 2976; x_wconf 89' lang='lat' dir='ltr'><strong>sive</strong></span> <span class='ocrx_word' id='word_1_272' title='bbox 823 2916 926 2989; x_wconf 84' lang='lat' dir='ltr'><strong>rubor,</strong></span> <span class='ocrx_word' id='word_1_273' title='bbox 955 2914 1138 2994; x_wconf 87' lang='lat' dir='ltr'><strong>splendorem</strong></span> <span class='ocrx_word' id='word_1_274' title='bbox 1165 2914 1275 2978; x_wconf 86' lang='lat' dir='ltr'><strong>lodleet</strong></span> <span class='ocrx_word' id='word_1_275' title='bbox 1301 2916 1346 2977; x_wconf 83' lang='lat' dir='ltr'><strong>sl-</strong></span> 
     </span>
     <span class='ocr_line' id='line_1_28' title="bbox 107 3016 1347 3100; baseline 0 -17"><span class='ocrx_word' id='word_1_276' title='bbox 107 3021 283 3094; x_wconf 79' lang='lat' dir='ltr'><strong>mldcatione</strong></span> <span class='ocrx_word' id='word_1_277' title='bbox 312 3017 421 3079; x_wconf 87' lang='lat' dir='ltr'><strong>latiore.</strong></span> <span class='ocrx_word' id='word_1_278' title='bbox 511 3016 641 3098; x_wconf 79' lang='lat' dir='ltr'><strong>lienique</strong></span> <span class='ocrx_word' id='word_1_279' title='bbox 662 3017 700 3078; x_wconf 94' lang='lat' dir='ltr'><strong>de</strong></span> <span class='ocrx_word' id='word_1_280' title='bbox 722 3037 776 3097; x_wconf 90' lang='lat' dir='ltr'><strong>eo,</strong></span> <span class='ocrx_word' id='word_1_281' title='bbox 804 3019 916 3100; x_wconf 82' lang='lat' dir='ltr'><strong>quenda</strong></span> <span class='ocrx_word' id='word_1_282' title='bbox 929 3039 1014 3082; x_wconf 50' lang='lat' dir='ltr'><strong>vsroeo</strong></span> <span class='ocrx_word' id='word_1_283' title='bbox 1035 3036 1120 3081; x_wconf 69' lang='lat' dir='ltr'><strong>saera</strong></span> <span class='ocrx_word' id='word_1_284' title='bbox 1141 3036 1210 3080; x_wconf 85' lang='lat' dir='ltr'><strong>esse</strong></span> <span class='ocrx_word' id='word_1_285' title='bbox 1238 3020 1347 3084; x_wconf 84' lang='lat' dir='ltr'><strong>Veneri</strong></span> 
     </span>
     <span class='ocr_line' id='line_1_29' title="bbox 107 3120 1345 3202; baseline 0.001 -18"><span class='ocrx_word' id='word_1_286' title='bbox 107 3125 242 3202; x_wconf 82' lang='lat' dir='ltr'><strong>eoeperit,</strong></span> <span class='ocrx_word' id='word_1_287' title='bbox 271 3121 395 3201; x_wconf 92' lang='lat' dir='ltr'><strong>lepidum</strong></span> <span class='ocrx_word' id='word_1_288' title='bbox 424 3121 568 3183; x_wconf 80' lang='lat' dir='ltr'><strong>scribendi</strong></span> <span class='ocrx_word' id='word_1_289' title='bbox 597 3127 795 3198; x_wconf 78' lang='lat' dir='ltr'><strong>argumentum</strong></span> <span class='ocrx_word' id='word_1_290' title='bbox 818 3127 910 3187; x_wconf 82' lang='lat' dir='ltr'><strong>toret,</strong></span> <span class='ocrx_word' id='word_1_291' title='bbox 956 3120 1048 3199; x_wconf 82' lang='lat' dir='ltr'><strong>ibiibi,</strong></span> <span class='ocrx_word' id='word_1_292' title='bbox 1071 3122 1204 3202; x_wconf 79' lang='lat' dir='ltr'><strong>quantum</strong></span> <span class='ocrx_word' id='word_1_293' title='bbox 1226 3128 1345 3202; x_wconf 73' lang='lat' dir='ltr'><strong>praesto</strong></span> 
     </span>
     <span class='ocr_line' id='line_1_30' title="bbox 105 3217 1344 3306; baseline 0.001 -20"><span class='ocrx_word' id='word_1_294' title='bbox 105 3221 188 3288; x_wconf 82' lang='lat' dir='ltr'><strong>iubeo</strong></span> <span class='ocrx_word' id='word_1_295' title='bbox 210 3227 451 3300; x_wconf 82' lang='lat' dir='ltr'><strong>testimoniorum,</strong></span> <span class='ocrx_word' id='word_1_296' title='bbox 481 3224 612 3285; x_wconf 80' lang='lat' dir='ltr'><strong>doctrina</strong></span> <span class='ocrx_word' id='word_1_297' title='bbox 634 3222 698 3294; x_wconf 82' lang='lat' dir='ltr'><strong>itta,</strong></span> <span class='ocrx_word' id='word_1_298' title='bbox 727 3243 800 3306; x_wconf 84' lang='lat' dir='ltr'><strong>quae</strong></span> <span class='ocrx_word' id='word_1_299' title='bbox 822 3243 895 3286; x_wconf 87' lang='lat' dir='ltr'><strong>sane</strong></span> <span class='ocrx_word' id='word_1_300' title='bbox 916 3223 1028 3286; x_wconf 88' lang='lat' dir='ltr'><strong>multum</strong></span> <span class='ocrx_word' id='word_1_301' title='bbox 1050 3217 1216 3301; x_wconf 85' lang='lat' dir='ltr'><strong>elegantiae</strong></span> <span class='ocrx_word' id='word_1_302' title='bbox 1238 3225 1344 3301; x_wconf 89' lang='lat' dir='ltr'><strong>luabet,</strong></span> 
     </span>
     <span class='ocr_line' id='line_1_31' title="bbox 106 3327 1343 3411; baseline 0.002 -24"><span class='ocrx_word' id='word_1_303' title='bbox 106 3345 186 3411; x_wconf 81' lang='lat' dir='ltr'><strong>neque</strong></span> <span class='ocrx_word' id='word_1_304' title='bbox 209 3336 266 3392; x_wconf 90' lang='lat' dir='ltr'><strong>tam</strong></span> <span class='ocrx_word' id='word_1_305' title='bbox 289 3330 444 3393; x_wconf 84' lang='lat' dir='ltr'><strong>eommunis</strong></span> <span class='ocrx_word' id='word_1_306' title='bbox 467 3329 557 3389; x_wconf 89' lang='lat' dir='ltr'><strong>tuisse</strong></span> <span class='ocrx_word' id='word_1_307' title='bbox 579 3329 728 3405; x_wconf 91' lang='lat' dir='ltr'><strong>omnibus,</strong></span> <span class='ocrx_word' id='word_1_308' title='bbox 757 3346 840 3408; x_wconf 85' lang='lat' dir='ltr'><strong>quam</strong></span> <span class='ocrx_word' id='word_1_309' title='bbox 867 3330 921 3390; x_wconf 87' lang='lat' dir='ltr'><strong>tuit</strong></span> <span class='ocrx_word' id='word_1_310' title='bbox 949 3327 1041 3389; x_wconf 87' lang='lat' dir='ltr'><strong>alteru</strong></span> <span class='ocrx_word' id='word_1_311' title='bbox 1067 3328 1105 3389; x_wconf 92' lang='lat' dir='ltr'><strong>de</strong></span> <span class='ocrx_word' id='word_1_312' title='bbox 1126 3345 1211 3391; x_wconf 81' lang='lat' dir='ltr'><strong>suem</strong></span> <span class='ocrx_word' id='word_1_313' title='bbox 1235 3327 1343 3390; x_wconf 88' lang='lat' dir='ltr'><strong>Veneri</strong></span> 
     </span>
     <span class='ocr_line' id='line_1_32' title="bbox 105 3431 1344 3514; baseline 0 -22"><span class='ocrx_word' id='word_1_314' title='bbox 105 3441 205 3512; x_wconf 73' lang='lat' dir='ltr'><strong>myrto,</strong></span> <span class='ocrx_word' id='word_1_315' title='bbox 230 3451 324 3514; x_wconf 87' lang='lat' dir='ltr'><strong>neque</strong></span> <span class='ocrx_word' id='word_1_316' title='bbox 346 3433 560 3512; x_wconf 83' lang='lat' dir='ltr'><strong>antiquissima,</strong></span> <span class='ocrx_word' id='word_1_317' title='bbox 589 3432 643 3493; x_wconf 88' lang='lat' dir='ltr'><strong>sed</strong></span> <span class='ocrx_word' id='word_1_318' title='bbox 665 3433 759 3509; x_wconf 83' lang='lat' dir='ltr'><strong>nuagis</strong></span> <span class='ocrx_word' id='word_1_319' title='bbox 781 3438 945 3511; x_wconf 88' lang='lat' dir='ltr'><strong>poetarum,</strong></span> <span class='ocrx_word' id='word_1_320' title='bbox 974 3434 1128 3512; x_wconf 86' lang='lat' dir='ltr'><strong>eorumque</strong></span> <span class='ocrx_word' id='word_1_321' title='bbox 1155 3431 1344 3493; x_wconf 74' lang='lat' dir='ltr'><strong>recentiorum</strong></span> 
     </span>
     <span class='ocr_line' id='line_1_33' title="bbox 105 3533 1344 3618; baseline 0.001 -21"><span class='ocrx_word' id='word_1_322' title='bbox 105 3539 241 3598; x_wconf 82' lang='lat' dir='ltr'><strong>nuxinmm</strong></span> <span class='ocrx_word' id='word_1_323' title='bbox 259 3542 385 3616; x_wconf 87' lang='lat' dir='ltr'><strong>partem,</strong></span> <span class='ocrx_word' id='word_1_324' title='bbox 409 3534 523 3596; x_wconf 87' lang='lat' dir='ltr'><strong>tabellis</strong></span> <span class='ocrx_word' id='word_1_325' title='bbox 542 3533 793 3618; x_wconf 78' lang='lat' dir='ltr'><strong>celebratamque</strong></span> <span class='ocrx_word' id='word_1_326' title='bbox 812 3541 967 3613; x_wconf 87' lang='lat' dir='ltr'><strong>exornata,</strong></span> <span class='ocrx_word' id='word_1_327' title='bbox 990 3553 1071 3617; x_wconf 84' lang='lat' dir='ltr'><strong>quma</strong></span> <span class='ocrx_word' id='word_1_328' title='bbox 1088 3553 1128 3597; x_wconf 89' lang='lat' dir='ltr'><strong>ex</strong></span> <span class='ocrx_word' id='word_1_329' title='bbox 1142 3535 1259 3617; x_wconf 73' lang='lat' dir='ltr'><strong>entique</strong></span> <span class='ocrx_word' id='word_1_330' title='bbox 1275 3541 1344 3598; x_wconf 78' lang='lat' dir='ltr'><strong>nam</strong></span> 
     </span>
     <span class='ocr_line' id='line_1_34' title="bbox 105 3636 1343 3721; baseline -0.002 -20"><span class='ocrx_word' id='word_1_331' title='bbox 105 3641 302 3720; x_wconf 75' lang='lat' dir='ltr'><strong>superstitione</strong></span> <span class='ocrx_word' id='word_1_332' title='bbox 330 3640 455 3700; x_wconf 87' lang='lat' dir='ltr'><strong>videtur.</strong></span> <span class='ocrx_word' id='word_1_333' title='bbox 499 3639 608 3707; x_wconf 78' lang='lat' dir='ltr'><strong>Videat</strong></span> <span class='ocrx_word' id='word_1_334' title='bbox 634 3638 754 3720; x_wconf 79' lang='lat' dir='ltr'><strong>aliquis,</strong></span> <span class='ocrx_word' id='word_1_335' title='bbox 783 3659 900 3721; x_wconf 80' lang='lat' dir='ltr'><strong>quaerum</strong></span> <span class='ocrx_word' id='word_1_336' title='bbox 929 3646 1074 3701; x_wconf 87' lang='lat' dir='ltr'><strong>anetarum</strong></span> <span class='ocrx_word' id='word_1_337' title='bbox 1101 3637 1183 3700; x_wconf 86' lang='lat' dir='ltr'><strong>luens</strong></span> <span class='ocrx_word' id='word_1_338' title='bbox 1213 3636 1288 3699; x_wconf 87' lang='lat' dir='ltr'><strong>bane</strong></span> <span class='ocrx_word' id='word_1_339' title='bbox 1315 3640 1343 3699; x_wconf 84' lang='lat' dir='ltr'><strong>ln</strong></span> 
     </span>
     <span class='ocr_line' id='line_1_35' title="bbox 105 3740 1342 3822; baseline -0.002 -18"><span class='ocrx_word' id='word_1_340' title='bbox 105 3757 151 3804; x_wconf 79' lang='lat' dir='ltr'><strong>inm</strong></span> <span class='ocrx_word' id='word_1_341' title='bbox 170 3746 211 3807; x_wconf 80' lang='lat' dir='ltr'><strong>A.</strong></span> <span class='ocrx_word' id='word_1_342' title='bbox 236 3742 396 3804; x_wconf 82' lang='lat' dir='ltr'><strong>Politianus</strong></span> <span class='ocrx_word' id='word_1_343' title='bbox 418 3741 546 3804; x_wconf 86' lang='lat' dir='ltr'><strong>Miscell.</strong></span> <span class='ocrx_word' id='word_1_344' title='bbox 570 3760 634 3822; x_wconf 88' lang='lat' dir='ltr'><strong>enp.</strong></span> <span class='ocrx_word' id='word_1_345' title='bbox 659 3764 702 3803; x_wconf 78' lang='lat' dir='ltr'><strong>nr.</strong></span> <span class='ocrx_word' id='word_1_346' title='bbox 743 3741 890 3822; x_wconf 82' lang='lat' dir='ltr'><strong>Gyraldus</strong></span> <span class='ocrx_word' id='word_1_347' title='bbox 917 3742 994 3804; x_wconf 81' lang='lat' dir='ltr'><strong>ilisa.</strong></span> <span class='ocrx_word' id='word_1_348' title='bbox 1018 3740 1106 3805; x_wconf 84' lang='lat' dir='ltr'><strong>Deor.</strong></span> <span class='ocrx_word' id='word_1_349' title='bbox 1130 3757 1157 3802; x_wconf 82' lang='lat' dir='ltr'><strong>e.</strong></span> <span class='ocrx_word' id='word_1_350' title='bbox 1182 3740 1342 3803; x_wconf 66' lang='grc'><strong>381111-</strong></span> 
     </span>
     <span class='ocr_line' id='line_1_36' title="bbox 106 3843 1340 3925; baseline -0.002 -18"><span class='ocrx_word' id='word_1_351' title='bbox 106 3846 195 3909; x_wconf 85' lang='lat' dir='ltr'><strong>uuldns</strong></span> <span class='ocrx_word' id='word_1_352' title='bbox 217 3847 248 3907; x_wconf 92' lang='lat' dir='ltr'><strong>lu</strong></span> <span class='ocrx_word' id='word_1_353' title='bbox 270 3843 376 3908; x_wconf 78' lang='lat' dir='ltr'><strong>Catum.</strong></span> <span class='ocrx_word' id='word_1_354' title='bbox 402 3850 473 3908; x_wconf 85' lang='lat' dir='ltr'><strong>rua.</strong></span> <span class='ocrx_word' id='word_1_355' title='bbox 504 3844 578 3919; x_wconf 83' lang='lat' dir='ltr'><strong>(uei.</strong></span> <span class='ocrx_word' id='word_1_356' title='bbox 605 3849 669 3925; x_wconf 87' lang='grc'><strong>13.)</strong></span> <span class='ocrx_word' id='word_1_357' title='bbox 693 3849 851 3925; x_wconf 83' lang='lat' dir='ltr'><strong>proferunt</strong></span> <span class='ocrx_word' id='word_1_358' title='bbox 897 3846 1101 3910; x_wconf 77' lang='lat' dir='ltr'><strong>Recentiorum</strong></span> <span class='ocrx_word' id='word_1_359' title='bbox 1129 3848 1199 3907; x_wconf 87' lang='lat' dir='ltr'><strong>sunt</strong></span> <span class='ocrx_word' id='word_1_360' title='bbox 1225 3862 1340 3907; x_wconf 78' lang='lat' dir='ltr'><strong>minues.</strong></span> 
     </span>
     <span class='ocr_line' id='line_1_37' title="bbox 106 3943 1341 4031; baseline 0 -22"><span class='ocrx_word' id='word_1_361' title='bbox 106 3943 136 4013; x_wconf 85' lang='lat' dir='ltr'><strong>tir</strong></span> <span class='ocrx_word' id='word_1_362' title='bbox 153 3952 235 4026; x_wconf 89' lang='lat' dir='ltr'><strong>eins,</strong></span> <span class='ocrx_word' id='word_1_363' title='bbox 256 3950 306 4031; x_wconf 86' lang='lat' dir='ltr'><strong>qui</strong></span> <span class='ocrx_word' id='word_1_364' title='bbox 328 3951 426 4013; x_wconf 80' lang='lat' dir='ltr'><strong>liusas</strong></span> <span class='ocrx_word' id='word_1_365' title='bbox 449 3951 534 4018; x_wconf 81' lang='lat' dir='ltr'><strong>lenit,</strong></span> <span class='ocrx_word' id='word_1_366' title='bbox 565 3950 640 4030; x_wconf 92' lang='lat' dir='ltr'><strong>quod</strong></span> <span class='ocrx_word' id='word_1_367' title='bbox 664 3955 754 4012; x_wconf 86' lang='lat' dir='ltr'><strong>tamen</strong></span> <span class='ocrx_word' id='word_1_368' title='bbox 777 3968 890 4012; x_wconf 73' lang='lat' dir='ltr'><strong>(ermen</strong></span> <span class='ocrx_word' id='word_1_369' title='bbox 913 3947 1091 4026; x_wconf 84' lang='lat' dir='ltr'><strong>Politianus,</strong></span> <span class='ocrx_word' id='word_1_370' title='bbox 1118 3945 1282 4025; x_wconf 81' lang='lat' dir='ltr'><strong>Gyruldus,</strong></span> <span class='ocrx_word' id='word_1_371' title='bbox 1310 3951 1341 4009; x_wconf 89' lang='lat' dir='ltr'><strong>et</strong></span> 
     </span>
     <span class='ocr_line' id='line_1_38' title="bbox 104 4049 1347 4141; baseline -0.008 -25"><span class='ocrx_word' id='word_1_372' title='bbox 104 4059 159 4116; x_wconf 81' lang='lat' dir='ltr'><strong>ute</strong></span> <span class='ocrx_word' id='word_1_373' title='bbox 186 4053 245 4115; x_wconf 88' lang='lat' dir='ltr'><strong>bos</strong></span> <span class='ocrx_word' id='word_1_374' title='bbox 273 4051 341 4128; x_wconf 84' lang='lat' dir='ltr'><strong>alil,</strong></span> <span class='ocrx_word' id='word_1_375' title='bbox 369 4054 486 4130; x_wconf 74' lang='lat' dir='ltr'><strong>dignun</strong></span> <span class='ocrx_word' id='word_1_376' title='bbox 513 4071 582 4114; x_wconf 88' lang='lat' dir='ltr'><strong>esse</strong></span> <span class='ocrx_word' id='word_1_377' title='bbox 606 4052 730 4134; x_wconf 87' lang='lat' dir='ltr'><strong>Virgilio</strong></span> <span class='ocrx_word' id='word_1_378' title='bbox 759 4052 928 4141; x_wconf 81' lang='lat' dir='ltr'><strong>censebant.</strong></span> <span class='ocrx_word' id='word_1_379' title='bbox 973 4051 1090 4130; x_wconf 90' lang='lat' dir='ltr'><strong>Suppar</strong></span> <span class='ocrx_word' id='word_1_380' title='bbox 1116 4054 1212 4113; x_wconf 84' lang='lat' dir='ltr'><strong>aetate</strong></span> <span class='ocrx_word' id='word_1_381' title='bbox 1235 4049 1347 4112; x_wconf 85' lang='lat' dir='ltr'><strong>Ptuilu..</strong></span> 
     </span>
     <span class='ocr_line' id='line_1_39' title="bbox 104 4151 1339 4236; baseline -0.001 -19"><span class='ocrx_word' id='word_1_382' title='bbox 104 4162 201 4221; x_wconf 75' lang='lat' dir='ltr'><strong>ibatne</strong></span> <span class='ocrx_word' id='word_1_383' title='bbox 222 4153 420 4235; x_wconf 74' lang='grc' dir='ltr'><em>Ἀφροδίτης</em></span> <span class='ocrx_word' id='word_1_384' title='bbox 442 4151 592 4233; x_wconf 78' lang='grc' dir='ltr'><strong><em>κτήματα</em></strong></span> <span class='ocrx_word' id='word_1_385' title='bbox 619 4156 748 4236; x_wconf 87' lang='lat' dir='ltr'><strong>appellat</strong></span> <span class='ocrx_word' id='word_1_386' title='bbox 773 4174 874 4233; x_wconf 82' lang='lat' dir='ltr'><strong>rusus,</strong></span> <span class='ocrx_word' id='word_1_387' title='bbox 902 4155 997 4235; x_wconf 76' lang='lat' dir='ltr'><strong>Epist.</strong></span> <span class='ocrx_word' id='word_1_388' title='bbox 1022 4176 1127 4216; x_wconf 83' lang='lat' dir='ltr'><strong>xum.</strong></span> <span class='ocrx_word' id='word_1_389' title='bbox 1172 4151 1219 4217; x_wconf 86' lang='lat' dir='ltr'><strong>Gt.</strong></span> <span class='ocrx_word' id='word_1_390' title='bbox 1242 4155 1339 4234; x_wconf 77' lang='lat' dir='ltr'><strong>Epist.</strong></span> 
     </span>
     <span class='ocr_line' id='line_1_40' title="bbox 105 4250 1422 4341; baseline -0.001 -21"><span class='ocrx_word' id='word_1_391' title='bbox 105 4278 194 4325; x_wconf 77' lang='lat' dir='ltr'><strong>uxum.</strong></span> <span class='ocrx_word' id='word_1_392' title='bbox 216 4265 249 4325; x_wconf 89' lang='lat' dir='ltr'><strong>et</strong></span> <span class='ocrx_word' id='word_1_393' title='bbox 270 4284 363 4323; x_wconf 83' lang='lat' dir='ltr'><strong>xm.</strong></span> <span class='ocrx_word' id='word_1_394' title='bbox 419 4261 450 4323; x_wconf 79' lang='lat' dir='ltr'>A</span> <span class='ocrx_word' id='word_1_395' title='bbox 472 4261 575 4341; x_wconf 84' lang='lat' dir='ltr'><strong>quibus</strong></span> <span class='ocrx_word' id='word_1_396' title='bbox 602 4278 659 4322; x_wconf 89' lang='lat' dir='ltr'><strong>nou</strong></span> <span class='ocrx_word' id='word_1_397' title='bbox 686 4261 726 4322; x_wconf 85' lang='lat' dir='ltr'><strong>ita</strong></span> <span class='ocrx_word' id='word_1_398' title='bbox 747 4277 851 4340; x_wconf 88' lang='lat' dir='ltr'><strong>magno</strong></span> <span class='ocrx_word' id='word_1_399' title='bbox 874 4258 1028 4321; x_wconf 82' lang='lat' dir='ltr'><strong>intervallo</strong></span> <span class='ocrx_word' id='word_1_400' title='bbox 1051 4260 1204 4337; x_wconf 85' lang='lat' dir='ltr'><strong>temporis,</strong></span> <span class='ocrx_word' id='word_1_401' title='bbox 1227 4263 1258 4321; x_wconf 88' lang='lat' dir='ltr'><strong>ut</strong></span> <span class='ocrx_word' id='word_1_402' title='bbox 1279 4275 1337 4339; x_wconf 80' lang='lat' dir='ltr'><strong>ego</strong></span> <span class='ocrx_word' id='word_1_403' title='bbox 1419 4250 1422 4255; x_wconf 46' lang='lat'><strong>⁴</strong></span> 
     </span>
     <span class='ocr_line' id='line_1_41' title="bbox 104 4350 1336 4449; baseline -0.006 -24"><span class='ocrx_word' id='word_1_404' title='bbox 104 4366 207 4445; x_wconf 82' lang='lat' dir='ltr'><strong>rende,</strong></span> <span class='ocrx_word' id='word_1_405' title='bbox 236 4366 520 4440; x_wconf 63' lang='lat' dir='ltr'><strong>tenimentum,</strong></span> <span class='ocrx_word' id='word_1_406' title='bbox 550 4363 598 4445; x_wconf 81' lang='lat' dir='ltr'><strong>qul</strong></span> <span class='ocrx_word' id='word_1_407' title='bbox 620 4382 715 4449; x_wconf 79' lang='lat' dir='ltr'><strong>rosam</strong></span> <span class='ocrx_word' id='word_1_408' title='bbox 737 4381 822 4426; x_wconf 81' lang='lat' dir='ltr'><strong>earm.</strong></span> <span class='ocrx_word' id='word_1_409' title='bbox 847 4384 911 4424; x_wconf 87' lang='lat' dir='ltr'><strong>nuru.</strong></span> <span class='ocrx_word' id='word_1_410' title='bbox 956 4357 1170 4439; x_wconf 74' lang='lat' dir='ltr'><strong>&#39;Arppod&#39;r&#39;eoor</strong></span> <span class='ocrx_word' id='word_1_411' title='bbox 1199 4350 1336 4438; x_wconf 76' lang='grc' dir='ltr'><em>ἄθυρμα</em></span> 
     </span>
     <span class='ocr_line' id='line_1_42' title="bbox 104 4465 1341 4557; baseline -0.006 -25"><span class='ocrx_word' id='word_1_412' title='bbox 104 4468 236 4549; x_wconf 78' lang='lat' dir='ltr'><strong>mpetum,</strong></span> <span class='ocrx_word' id='word_1_413' title='bbox 251 4467 451 4550; x_wconf 71' lang='lat' dir='ltr'><strong>eamdemque,</strong></span> <span class='ocrx_word' id='word_1_414' title='bbox 465 4467 543 4550; x_wconf 81' lang='lat' dir='ltr'><strong>quod</strong></span> <span class='ocrx_word' id='word_1_415' title='bbox 559 4484 615 4529; x_wconf 82' lang='lat' dir='ltr'><strong>uon</strong></span> <span class='ocrx_word' id='word_1_416' title='bbox 629 4465 744 4530; x_wconf 86' lang='lat' dir='ltr'><strong>multum</strong></span> <span class='ocrx_word' id='word_1_417' title='bbox 761 4465 873 4557; x_wconf 76' lang='lat' dir='ltr'><strong>differt,</strong></span> <span class='ocrx_word' id='word_1_418' title='bbox 890 4466 1017 4528; x_wconf 81' lang='lat' dir='ltr'><strong>vindieat</strong></span> <span class='ocrx_word' id='word_1_419' title='bbox 1028 4465 1185 4528; x_wconf 80' lang='lat' dir='ltr'><strong>Annorlbus</strong></span> <span class='ocrx_word' id='word_1_420' title='bbox 1205 4482 1290 4526; x_wconf 84' lang='lat' dir='ltr'><strong>earm.</strong></span> <span class='ocrx_word' id='word_1_421' title='bbox 1304 4485 1341 4545; x_wconf 70' lang='grc' dir='ltr'>ι.</span> 
     </span>
    </p>
   </div>
   <div class='ocr_carea' id='block_1_5' title="bbox 142 4569 1128 4643">
    <p class='ocr_par' dir='ltr' id='par_1_5' title="bbox 142 4569 1128 4643">
     <span class='ocr_line' id='line_1_43' title="bbox 142 4569 1128 4643; baseline 0.005 -5"><span class='ocrx_word' id='word_1_422' title='bbox 142 4587 260 4640; x_wconf 78' lang='lat' dir='ltr'><strong>umerum</strong></span> <span class='ocrx_word' id='word_1_423' title='bbox 274 4583 347 4638; x_wconf 75' lang='lat' dir='ltr'><strong>curo.</strong></span> <span class='ocrx_word' id='word_1_424' title='bbox 1090 4569 1128 4643; x_wconf 50' lang='grc' dir='ltr'><strong>ἱ</strong></span> 
     </span>
    </p>
   </div>
   <div class='ocr_carea' id='block_1_6' title="bbox 0 0 1478 4986">
    <p class='ocr_par' dir='ltr' id='par_1_6' title="bbox 0 0 1478 4986">
     <span class='ocr_line' id='line_1_44' title="bbox 0 0 1478 4986; baseline 0 1"><span class='ocrx_word' id='word_1_425' title='bbox 0 0 1478 4986; x_wconf 95' lang='lat' dir='ltr'><strong> </strong></span> 
     </span>
    </p>
   </div>
  </div>
 </body>
</html>
