2948 4986
107 194 189 269 nrm¹
554 184 832 267 nussunnamo
854 186 907 252 ιιι.
997 204 1038 273 ,ι

283 365 352 427 Hoc
372 368 469 426 miras
493 362 633 446 inplicuit
654 363 727 425 dira
747 362 912 443 formidine
931 373 1063 425 mentem
1195 400 1198 407 ·

281 466 371 551 Quem
381 462 555 552 'postquam
576 467 657 529 uidit
678 486 801 529 caesam
823 466 1041 548 lanqueum,
1065 467 1162 530 aedit.

109 569 287 634 Sententiam
310 575 372 633 lere
401 575 575 652 assequutus
609 574 656 632 est
684 569 837 649 iieynius3
870 589 922 631 eur
949 572 1048 650 inepta
1077 573 1137 648 sit,
1167 574 1217 633 aut
1238 573 1301 653 quid
1319 574 1339 632 in

110 696 171 738 eam
202 682 288 756 poeto
306 676 406 754 inepti
438 673 583 749 intulerit,
614 673 722 735 oblitus
750 677 797 734 est
828 674 934 735 dicere.
980 674 1154 737 Sententia:
1191 681 1341 755 pastorem,

109 781 184 860 qnod
208 783 328 858 repenle
350 778 467 865 excitus
491 797 508 838 e
530 795 629 837 sonum
651 780 772 838 muntem
794 778 914 840 nondum
937 782 1033 839 totam·
1045 773 1229 858 recepisset,
1253 779 1341 839 obstu-

108 885 250 963 pei'autnm
273 883 368 959 magis
390 889 471 964 quam
493 881 675 961 perterritum
698 880 838 960 adspectu
860 878 1011 958 draconis,
1033 879 1090 943 non
1112 884 1279 944 metientem
1300 902 1341 962 pe-

108 984 189 1048 riculi
211 986 505 1063 magnitudinem
527 985 611 1066 quasi
635 984 772 1061 inscium,
796 983 867 1046 iilud
889 987 1012 1057 iecisse,
1035 985 1111 1067 quud
1133 987 1270 1065 optimum
1286 990 1342 1047 ent

108 1091 174 1152 Non
197 1108 276 1168 nego
299 1089 356 1151 hoo
378 1088 543 1166 elegantius
565 1088 621 1149 diei
644 1089 792 1166 potuisse,
814 1095 902 1169 atque
918 1087 1085 1166 elegantius
1104 1088 1237 1151 dixisset
1253 1095 1342 1150 matun

108 1197 206 1257 aetate
222 1193 393 1271 ¹Virgilius:
417 1192 469 1254 sed
493 1194 540 1253 est
560 1193 634 1252 satis
656 1191 731 1252 hene
751 1191 865 1253 dietum.
910 1212 941 1254 r.
959 1197 1031 1254 191.
1054 1196 1154 1257 sumai
1168 1195 1341 1256 eoeneum

110 1316 146 1360 ne
169 1296 315 1374 scaligeri
338 1296 516 1369 certissima,
540 1295 693 1357 facillima:
721 1296 748 1355 in
771 1293 818 1356 iris
840 1296 911 1356 meis
932 1296 1062 1358 omnihus
1084 1300 1165 1359 omni
1187 1296 1341 1375 legitumt

111 1405 294 1466 somniante
317 1399 648 1487 Smligerunrdidinu,
678 1398 795 1476 iiepnio
817 1403 953 1461 testante.
997 1420 1029 1462 r.
1057 1407 1127 1462 198.
1157 1405 1230 1480 apte
1258 1401 1341 1462 didm

110 1507 250 1570 Nescire
274 1505 476 1586 adspiciens:
500 1522 556 1564 oon
579 1503 703 1580 agnovit
724 1507 886 1581 serpentum
908 1506 1027 1582 pastor3
1050 1504 1125 1565 vidit
1147 1508 1258 1566 tantum
1279 1523 1341 1565 mon-

111 1613 219 1683 strum,
248 1607 365 1683 maium,
394 1605 559 1686 perieulum.
600 1607 656 1667 istu
679 1624 767 1683 vero,
797 1610 885 1669 timor
912 1607 1146 1672 udoaeoauerat·
1171 1622 1280 1687 artae,
1304 1625 1342 1688 per

111 1705 298 1795 parenthesin
320 1710 487 1790 accipienda
509 1715 596 1784 suot,
627 1708 723 1791 qualia
744 1729 811 1770 mox
836 1710 996 1772 uidebimus
1016 1712 1093 1791 opurl
1116 1710 1262 1776 Catonem
1284 1730 1342 1773 uun-

111 1816 209 1878 unlla:
245 1820 311 1876 sunt
346 1814 418 1875 enim
447 1814 628 1893 epexegesis
656 1813 808 1875 verborum
840 1818 964 1878 nesciae
999 1816 1195 1900 adspiciens.
1241 1817 1342 1879 Nereia

112 1919 227 1982 Thuan.
257 1930 459 1981 eueeeaaerat
491 1917 582 1979 Voss.
607 1924 658 1979 81.
690 1917 915 1981 obcaecaverat
941 1909 991 1981 uel
1018 1918 1227 1985 odeeeaoerat
1249 1918 1342 2000 reliqui.

111 2045 143 2086 v.
172 2028 241 2085 199.
263 2020 534 2105 impleuit·Tdnun.
552 2022 681 2105 inplevit
694 2020 783 2084 Voss.
798 2026 849 2085 81.
867 2023 1034 2108 implicuit,
1058 2026 1090 2086 ut
1104 2023 1213 2103 vulgo,
1231 2025 1342 2102 August.
1379 2028 1381 2034 '

114 2127 224 2219 Quem,
248 2129 422 2205 serpentem.
558 2154 566 2163 «
798 2164 800 2168 ⁴

179 2227 226 2294 Gi.
249 2230 348 2292 Cuius
372 2228 437 2293 cul.
463 2233 535 2290 205.
560 2227 832 2318 (1080011232.
860 2229 920 2292 Sed
944 2231 1017 2292 satis
1039 2226 1239 2310 exemplorum
1261 2250 1278 2292 e
1297 2227 1343 2292 cu-

112 2334 171 2397 lioe
193 2339 249 2396 est.
295 2330 446 2395 Caeterum
468 2331 516 2394 hio
544 2331 602 2394 nou
630 2335 766 2413 proprius
800 2330 903 2396 Catoni
931 2339 961 2396 et
992 2335 1204 2416 antiquioribus
1231 2332 1344 2398 metendi

113 2439 227 2515 modus,
257 2436 309 2499 sed
333 2438 487 2498 uomnronis
510 2435 745 2514 elegantissimis.
789 2436 936 2514 Vtrgilins
958 2437 1069 2515 Georg.
1093 2440 1118 2501 1.
1144 2445 1222 2503 343.
1246 2443 1276 2501 4.
1378 2483 1381 2489 ·

200 2580 203 2586 -
251 2592 253 2597 .
287 2539 408 2603 Oaueta
429 2540 486 2602 tili
508 2543 645 2604 Cererem
665 2540 763 2624 palea
786 2544 923 2622 apreelis
946 2542 1064 2605 adoret.

275 2641 341 2719 ‚Cui
363 2654 397 2707 tu
419 2645 501 2707 laete
521 2645 639 2725 favae,
665 2655 697 2707 et
717 2647 783 2706 nolti
805 2640 890 2708 dilue
910 2645 1048 2708 Boeoto.

115 2750 181 2812 Huc
202 2749 272 2810 saell
294 2746 434 2809 Hnsehlill
457 2748 492 2808 ad
515 2747 625 2809 Tibull.
648 2746 672 2809 I.
696 2733 747 2826 ιι,
769 2754 820 2810 10.
843 2748 882 2810 ll.
908 2773 958 2826 ιιι,
983 2755 1035 2811 43.
1057 2749 1111 2812 ΙΙΙ.
1137 2773 1163 2829 ι,
1187 2757 1239 2834 ld.
1262 2750 1346 2828 ellepi-

115 2855 206 2930 tatio,
229 2869 268 2912 ex
290 2870 346 2932 qua
367 2851 450 2912 locos
473 2853 646 2928 consignavi
669 2855 746 2924 tres,
769 2852 890 2928 Virgilii
913 2855 989 2915 Aen.
1003 2853 1058 2915 iV.
1079 2859 1153 2917 138.
1199 2852 1306 2934 Tibulli
1317 2848 1347 2911 11.

117 2972 170 3035 ιιι,
194 2961 245 3015 43.
267 2946 411 3034 Propertii
435 2954 472 3014 11.
497 2976 592 3032 svor,
618 2960 667 3017 15.
691 2956 796 3037 qulbus
817 2955 886 3017 iliud
910 2974 1055 3019 commone
1077 2975 1140 3019 oum
1164 2955 1280 3021 Gntooe
1298 2956 1347 3018 nn.

115 3079 147 3120 u.
172 3060 222 3119 18.
247 3061 360 3118 οιόιιιιι
383 3055 504 3136 prolatis
527 3077 544 3119 a
565 3077 610 3119 me
638 3057 858 3134 rourecensis,
889 3060 964 3142 quod
987 3077 1101 3122 versum
1132 3061 1237 3140 incipit
1259 3075 1346 3143 prono
1373 3084 1376 3091 ·

117 3181 197 3241 men,
218 3164 250 3221 et
272 3159 348 3242 quod
377 3174 482 3221 novam
510 3163 699 3238 sententiam,
729 3161 779 3232 vei
809 3180 912 3224 norom
934 3164 1095 3224 'sententiae
1118 3168 1250 3243 partem,
1272 3164 1346 3226 itant

117 3267 144 3327 si
167 3266 393 3344 non‘pnnotum‚
424 3262 506 3325 nolon
537 3269 615 3326 oerto
642 3264 803 3344 ponendum
825 3267 953 3328 sitente
974 3284 1131 3346 pronomen
1154 3266 1238 3331 illud.
1280 3262 1345 3350 Qaul

116 3374 225 3452 ipsum,
248 3386 332 3450 quum
352 3368 382 3428 in
404 3372 505 3429 nostra
526 3368 609 3448 poesi
633 3386 689 3431 nun
712 3367 857 3431 soleamus
878 3373 991 3447 fouere,
1012 3369 1086 3430 male
1103 3368 1208 3434 hahuit
1221 3371 1345 3451 Heynim

117 3483 174 3536 tum
197 3474 226 3534 iu
249 3469 360 3535 Culicis
382 3491 412 3532 v.
435 3475 504 3531 121.
520 3477 591 3534 186.
606 3475 683 3534 232.
707 3473 743 3533 de
765 3472 869 3553 quihus
891 3471 987 3553 paullo
1009 3477 1076 3536 ante
1098 3473 1289 3554 disputatum,
1304 3477 1345 3534 tu

118 3580 146 3638 io
168 3575 257 3652 Vtrg.
280 3575 405 3637 Aeneid.
423 3573 477 3635 lv.
494 3581 566 3637 138.
590 3579 621 3637 et
644 3575 985 3646 iurisdietionem
1008 3575 1193 3658 impulitque,
1219 3585 1252 3642 ut
1271 3575 1344 3639 maliet
1379 3618 1381 3625 .

118 3680 286 3759 prenomine
307 3678 533 3741 demonstrativo
557 3699 628 3740 usos
649 3685 753 3760 poetas
775 3697 854 3741 esse.
910 3679 1016 3743 Verum
1039 3684 1132 3741 tumen
1156 3679 1345 3763 huncquoque

120 3781 255 3863 loquendi
278 3763 387 3843 modum
410 3802 480 3844 suos
502 3781 642 3844 habuisse
657 3783 762 3845 limites
784 3783 929 3845 credibile
945 3792 1002 3847 est
1047 3782 1137 3847 1111ιί
1160 3788 1274 3867 quidem
1289 3801 1344 3866 put·

120 3891 182 3960 tae,
205 3886 253 3967 qui
283 3884 497 3962 elegantiores,
531 3888 726 3966 temperatius.
770 3887 841 3949 Nam
870 3887 962 3967 primo
986 3892 1120 3951 nou'tam
1143 3907 1239 3971 saepe
1260 3903 1345 3970 prono

120 3991 195 4050 mine
212 3989 251 4050 ad
274 3984 431 4051 nectendas
452 3992 613 4053 sententias
636 3995 769 4066 utuntur,
806 4010 888 4073 quam
921 3994 1025 4054 laetum
1054 3989 1211 4055 incultae
1235 3995 1346 4057 vidium

122 4093 236 4156 Deinde
258 4091 328 4153 nihil
352 4094 479 4174 equidem
502 4095 531 4154 in
557 4095 642 4173 poesi
669 4093 746 4157 uultu
767 4093 955 4177 elegantique
984 4095 1053 4157 novi
1080 4092 1147 4157 iooo
1178 4095 1289 4161 Cultus
1313 4093 1346 4163 dr

122 4216 203 4280 quem
226 4200 398 4276 postremum
420 4199 560 4274 tractavi,
583 4196 697 4258 simile:
721 4199 769 4260 obi
793 4195 875 4259 nemo
897 4201 989 4277 neget
1011 4197 1108 4261 durum
1132 4217 1226 4281 esse,
1248 4206 1279 4264 et
1296 4213 1346 4260 sen

122 4301 224 4363 venire
247 4300 365 4386 (laeua-
393 4297 494 4380 itaque
515 4306 689 4363 curaremut
711 4306 832 4381 poetae,
855 4301 940 4363 nette
962 4307 994 4364 ut
1014 4309 1230 4380 agnosceretur
1252 4317 1347 4371 noum,

122 4406 157 4467 ad
180 4404 255 4486 quud
285 4416 412 4483 sequens
441 4405 600 4482 pertineret
628 4404 795 4484 pronomem
852 4399 1024 4490 Quamquam
1047 4396 1134 4469 ea'io
1156 4425 1189 4469 re
1211 4426 1269 4472 nuo
1287 4401 1349 4468 auxil
1379 4418 1381 4475 !

119 4509 218 4579 inere,
242 4506 294 4570 sed
318 4505 513 4569 nonideudoru
533 4506 705 4590 aliquantum
727 4512 809 4575 reatu
827 4508 947 4573 lectoris
965 4527 1055 4574 sensu
1067 4513 1224 4593 putavere·
1267 4503 1349 4575 Veluti
