2948 4986
175 121 210 218 a
356 126 363 145 ‘
605 143 773 212 vnuuuu
796 127 977 211 curonis
1101 168 1104 173 ·

178 299 227 375 llt
253 302 356 376 vobu
381 325 475 377 nnnc
501 310 576 395 est,
600 326 681 379 ntea
707 328 798 401 quae
824 303 891 375 fuit
918 314 1016 392 aute,
1043 306 1219 404 voluptas.

178 464 229 529 At
254 459 347 531 male
372 459 558 533 tabescunt
583 461 767 532 morientia
792 459 949 532 membra
975 460 1113 550 dolore,
1338 477 1416 542 (125)

178 610 229 687 lit
253 612 351 685 calor
373 613 491 687 infuso
517 613 654 686 decedit
679 614 813 710 frigore
838 617 978 702 mortiS,

178 768 281 858 Quod
307 792 386 843 mea
411 792 481 840 uon
506 792 644 841 mecum
671 770 810 843 domina
836 781 901 841 est.
947 767 1030 841 Non
1057 769 1131 841 ulla
1157 771 1278 866 puella

133 893 136 900 ,
175 922 321 997 Doctior
346 927 383 996 iu
408 924 513 996 terris
538 925 626 1013 fuit,
652 934 713 996 aut
738 923 940 1012 formosiore
966 948 1009 996 ac
1034 927 1066 997 si
1363 932 1416 1000 25

24 1180 27 1185 Ι
175 1078 312 1153 Fabula
336 1103 408 1174 nou
434 1103 529 1152 vana
555 1089 627 1167 est,
654 1088 754 1151 tauro
781 1080 870 1151 love
897 1079 1021 1175 digna,
1048 1081 1110 1152 vel
1136 1105 1239 1154 auro:

175 1235 334 1332 luppiter
360 1244 502 1309 avertas
531 1259 669 1308 auremz
695 1258 774 1305 mea
799 1234 876 1305 sola
900 1235 1021 1331 puella
1047 1245 1112 1307 est.
1337 1253 1416 1314 uso)

150 1413 153 1421 ’
175 1389 282 1462 Felix
307 1398 427 1478 taure,
454 1401 555 1487 pater
580 1393 700 1486 magni
728 1392 870 1486 gregis,
896 1399 933 1463 et
960 1391 1084 1462 decusz
1111 1415 1132 1462 a
1157 1400 1193 1464 te

174 1544 334 1618 Vaccula
359 1569 430 1619 nou
456 1568 610 1642 unquam
637 1555 774 1617 secreta
802 1545 933 1617 cubilia
958 1555 1123 1641 captans,
1242 1528 1247 1549 ἶ

159 1699 322 1803 ‘Frustra
347 1710 383 1772 te
408 1704 540 1797 patitur
565 1700 669 1773 silvis
694 1701 832 1796 mugire
857 1699 1027 1773 dolorem.
1361 1707 1418 1777 80

20 1926 48 1943 .,
174 1856 223 1931 Et
248 1865 349 1955 pater
374 1855 565 1928 haedorum
589 1855 700 1945 felix,
726 1879 935 1952 semperque
963 1855 1085 1929 beater

160 1986 264 2093 sSive
289 2015 382 2109 petis
408 2021 545 2084 montes
570 2020 797 2108 praeruptos,
824 2033 914 2083 saxa
941 2032 1145 2106 pererrans,
1338 2028 1416 2092 (ras)

171 2164 265 2253 Sive
288 2150 355 2247 tibi
379 2166 482 2241 sibu
507 2191 602 2263 nora
626 2166 757 2264 pabula
782 2165 959 2253 fastidire,

154 2318 266 2397 'Sive
289 2322 378 2395 libet
404 2325 560 2418 compis,.
578 2332 695 2395 tecum
721 2332 784 2394 tua
809 2322 904 2394 laeta
919 2321 1068 2417 capella
1091 2333 1157 2394 est.

174 2476 223 2550 llt
248 2501 323 2550 mas
351 2480 562 2576 quicumque
589 2488 660 2568 est,
687 2479 741 2551 illi
766 2502 833 2551 sue
857 2478 989 2549 femina
1012 2481 1134 2551 iuncta
1362 2484 1418 2554 85

173 2634 422 2730 Interpellatos
440 2657 628 2731 ¹nunquam
654 2635 809 2730 ploravit
835 2656 983 2705 amores.

175 2787 250 2862 Cur
275 2812 345 2861 uon
372 2803 408 2860 et
433 2788 533 2859 nobis
559 2787 675 2858 facilis
701 2796 827 2859 natura
852 2783 1003 2860 fuisset?

175 2943 250 3017 Cur
276 2967 345 3038 ego
369 2942 548 3015 crudelem
573 2944 696 3038 patior‘
711 2952 784 3015 tam
811 2966 917 3038 saepe
943 2940 1123 3017 dolorem?
1229 3010 1232 3015 .

177 3096 304 3172 Sidera
329 3123 393 3195 per
419 3084 568 3170 virlbeur
593 3098 745 3175 retleuut
769 3121 874 3196 quom
900 3099 1034 3195 palliola
1058 3099 1244 3188 muudum,

176 3255 289 3353 Inque
315 3206 430 3327 vicem
456 3253 598 3326 Phoebe
629 3276 794 3336 cuneus,
821 3263 927 3351 atque
954 3279 1083 3326 aureus
1109 3255 1222 3341 orbis,
1361 3257 1417 3331 40

176 3412 279 3487 Luna
303 3419 386 3482 tuus
411 3420 527 3482 tecum
552 3420 624 3482 estu
651 3434 714 3481 cnr
738 3432 810 3483 non
835 3421 891 3483 est
917 3420 955 3482 et
979 3428 1058 3481 mea
1084 3405 1245 3484 mecum?

177 3566 297 3653 Luna,
324 3565 422 3637 dolor
448 3568 541 3640 nosti
568 3565 652 3663 quiol
677 3566 745 3638 sita
772 3569 939 3638 miserere
966 3566 1129 3641 dolentis.
1333 3580 1415 3645 (1qu

179 3721 340 3809 Phoebe,
367 3744 489 3794 recens
515 3724 552 3792 in
577 3731 614 3796 te
640 3721 762 3796 laurus
788 3723 984 3796 celebravit
1008 3745 1179 3811 auraretur

123 3888 128 3895 '
180 3875 228 3951 Et
255 3900 344 3974 quae
370 3901 496 3974 pompa
522 3850 643 3950 deuia:
669 3872 752 3951 neue
768 3848 882 3959 fivia
906 3848 1002 3951 faura
1025 3878 1174 3977 loquuta
1200 3887 1284 3969 εει,

181 4034 308 4106 (lunia
332 4055 399 4105 vos
425 4035 527 4104 estis:
553 4056 672 4112 secuur
697 4054 763 4106 sua
786 4035 918 4130 gaudia
942 4044 1078 4131 gestat,
1214 4068 1217 4073 ·
1362 4036 1416 4109 45

163 4188 256 4323 'Aut
282 4189 440 4282 insparsa
465 4187 565 4260 videt
589 4189 737 4276 mundo,
760 4212 851 4286 quae
877 4190 995 4263 (licere
1019 4190 1166 4287 longum
1192 4200 1256 4263 est.

181 4344 302 4420 Aurea
327 4344 413 4453 quin
440 4344 544 4414 etiam
570 4366 676 4440 quoru
701 4345 843 4416 saecula
868 4346 1127 4433 volvebantur,
1332 4359 1412 4423 (rso)

125 4526 128 4535 ·
182 4476 492 4619 proruamus
519 4498 635 4574 ruere
659 4500 865 4575 uuuuou
890 4501 974 4575 ua
