2948 4986
351 192 395 257 iN
418 191 588 259 vuuuull
607 190 790 259 CATONIS
811 191 1017 259 scincum.
1230 199 1308 279 ilic,

62 365 167 435 Sobel·
201 365 331 430 'lireocn
359 367 443 430 XV„
460 371 511 429 64.
542 366 716 430 Welcirerus
743 367 771 429 in
799 365 874 429 libro
901 367 1111 431 Schwenckii:
1152 368 1308 448 iitynroio-

63 468 413 550 guel-Mytioiogisehe
442 471 676 548 Anicutungen,
705 489 735 550 p.
764 473 839 531 269.
865 489 930 553 sqq.
975 471 1037 534 Sed
1066 471 1224 536 Welcirero
1250 471 1307 537 irco

64 594 152 655 spero
175 594 220 637 nre
241 592 442 654 persuasurum
466 592 550 652 essu,
571 574 708 637 versibus
731 572 851 641 Catonis
873 577 921 656 qui
943 581 1117 656 sequuntur,
1145 576 1182 638 cie
1203 573 1306 637 Vene-

64 681 104 742 ris
125 680 194 759 agl,
222 696 278 740 non
301 678 338 739 (le
366 677 485 739 lunonis
514 677 672 739 amoribus.
712 676 825 739 -Verhis
848 678 969 742 Catonis
996 697 1052 740 non
1074 679 1220 741 dissimilis
1242 679 1307 742 inu

66 784 150 844 iuius
172 802 191 844 e
213 781 413 845 Wernsrioriio
437 778 687 860 Calpurniani.
711 783 740 845 i.
788 782 863 844 Turn
881 785 1006 866 primurn
1034 782 1118 847 dulci
1140 784 1308 868 carpebant

66 886 184 968 pacata
205 889 302 969 furto.
347 884 420 947 Post
442 896 569 947 eruorem
590 884 671 947 ilion.
694 883 719 948 1.
741 884 781 949 ii.
804 886 888 949 Vrot
911 885 935 947 i.
956 894 1006 950 eet
1027 886 1143 954 odiunt.
1228 928 1230 935 ,

10 1068 12 1075 ’
128 1093 236 1158 vno.
251 1089 614 1170 u.s.(1oo.ro.rr.)nu
630 1106 769 1172 ourcuu
784 1097 1304 1165 rsusnsonvrsssnrnsnsetc

67 1198 107 1260 Et
127 1216 241 1259 nucum
261 1190 379 1277 tenero]
404 1194 500 1274 Lege,
521 1204 552 1258 et
573 1216 683 1259 secum.
706 1197 819 1261 scilicet
839 1197 920 1260 lono.

67 1303 173 1365 ludere
199 1303 232 1362 ia
252 1294 359 1382 lenia]
383 1298 483 1376 Lege:
509 1331 549 1344 -
559 1304 677 1381 quatra
699 1312 747 1365 cst
770 1302 868 1367 lirlerc
888 1306 920 1365 in
941 1298 1056 1366 terla'

239 1404 418 1485 Purpureos
440 1403 533 1485 liores
557 1435 598 1448 -
620 1407 781 1484 utsupra,

196 1580 200 1587 g
222 1507 382 1571 'Mentire
404 1506 579 1584 reclinarit,
601 1518 793 1592 teneramque
814 1509 940 1574 illiserit
960 1509 1092 1573 lulum.

69 1612 249 1696 Purpureos
267 1608 373 1695 tiores]
391 1611 423 1673 in
438 1612 538 1673 endem
555 1609 691 1685 historin,
709 1612 807 1673 eodem
824 1611 1019 1693 descriptione
1037 1614 1125 1677 utitur
1139 1611 1308 1676 Petronius:

240 1715 338 1778 idaeo
362 1704 478 1800 acoleo
492 1715 578 1796 furlit
600 1715 640 1778 dc
660 1713 774 1778 uertice
793 1715 886 1796 flores
954 1719 956 1725 ’
1011 1764 1015 1771 .

246 1820 344 1882 Terre
363 1839 499 1902 pereas,
524 1840 612 1904 auum
633 1840 671 1884 ee
691 1820 836 1902 confesso
859 1822 958 1883 uincit
979 1823 1075 1883 cneori

126 1940 129 1945 ·
240 1922 398 2005 Iuppiter,
421 1931 452 1984 et
472 1930 535 1985 toto
549 1928 695 2005 ,coacepit
715 1935 839 2006 pectore
859 1924 1017 2004 itamari

73 2062 81 2073 -
166 2072 169 2076 -
241 2027 400 2090 Emicuere
421 2047 531 2105 rosae,
553 2028 732 2112 uiolaepuc,
755 2037 785 2088 et
805 2027 894 2090 mnae
915 2014 1086 2110 Opperurn5

241 2131 385 2214 Albaque
407 2130 447 2193 cle
468 2132 564 2194 uiri&
584 2135 718 2195 riserunt
735 2123 809 2194 'titia
829 2135 1012 2214 protecto.
1124 2144 1265 2199 866616.

69 2237 113 2300 ut
138 2254 250 2297 mecum
279 2244 385 2296 tenera
413 2234 540 2299 absurde
568 2233 633 2296 iibri
663 2252 772 2296 omnes.
816 2232 1011 2296 Monacenses
1041 2237 1148 2295 tanturn
1175 2234 1247 2306 luo,
1277 2239 1308 2298 et

67 2339 190 2402 Vratisi.
216 2338 381 2401 liliaco
398 2358 463 2400 eam
484 2348 507 2399 t.
529 2338 604 2418 quari
627 2336 717 2399 niirilo
739 2337 852 2399 melius.
895 2336 961 2399 Non
981 2337 1018 2399 de
1036 2337 1128 2416 Lydis
1150 2337 1205 2399 iroc
1227 2337 1306 2417 ioco,

67 2444 119 2506 scri
144 2442 182 2504 de
206 2441 321 2503 deorum
343 2441 442 2519 egitur
464 2443 616 2504 amoribus.
662 2440 768 2503 Verum
798 2459 890 2523 neque
914 2438 1052 2518 Scaliger
1077 2422 1201 2520 profecit
1223 2442 1308 2522 quic-

67 2567 168 2630 quain,
198 2547 261 2608 rium
292 2545 448 2607 continuari
478 2543 526 2608 his
554 2545 691 2615 versibus
718 2546 887 2607 furtivorum
914 2543 998 2606 louis
1027 2548 1058 2606 et
1085 2543 1203 2605 iunonis
1223 2562 1307 2607 ono-

67 2670 125 2712 rum
156 2649 378 2729 descriptionem
407 2651 528 2711 statuit:
558 2668 614 2711 non
637 2640 961 2729 concinunt'sequentin
988 2668 1020 2708 v.
1043 2653 1096 2710 69.
1122 2649 1196 2710 uua
1217 2649 1307 2712 credo

69 2757 176 2837 suerat
193 2755 328 2817 Mauors
352 2758 410 2816 etc.
453 2754 492 2815 ut
511 2743 699 2815 durissimum
713 2757 776 2829 esi,
799 2751 914 2832 nequid
937 2751 1029 2813 dicam
1047 2752 1166 2828 lortius,
1189 2772 1306 2830 oewm,

69 2856 203 2940 quioquid
224 2857 301 2918 dicut
323 2856 396 2917 idem
417 2855 555 2934 Scaliger
577 2857 605 2918 in
630 2854 790 2935 Sphaerus
804 2854 917 2918 Manilii
939 2874 969 2934 p.-
993 2859 1045 2917 49.
1088 2854 1161 2917 Nem
1183 2856 1308 2919 recenti-

68 2979 135 3023 ores
158 2960 272 3041 quidem
302 2962 342 3021 ito
364 2959 498 3040 loquutus
527 2977 596 3022 esse
618 2965 725 3023 certum
748 2961 810 3037 est,
838 2962 870 3021 ut
891 2959 954 3038 ipse
983 2959 1081 3021 scions
1103 2977 1184 3022 suae
1204 2961 1307 3023 retinui

69 3066 94 3126 in
113 3065 330 3143 iipigrnnrnrate
352 3063 492 3141 eugenti,
514 3063 567 3125 seri
588 3063 761 3127 recentioris
782 3063 903 3140 ocutis,
926 3063 1001 3144 quoi
1024 3063 1060 3125 ad
1083 3062 1147 3125 uei,
1166 3068 1219 3128 95.
1236 3082 1306 3143 pro·

69 3169 150 3230 iero:
174 3169 204 3229 iu
226 3166 433 3248 antiquioribus
455 3169 532 3229 terre
554 3166 582 3227 id
604 3184 660 3229 uon
682 3167 816 3244 culeum,
846 3166 902 3228 nisi
925 3166 1014 3252 cortis
1036 3166 1150 3229 indiciis
1173 3170 1204 3229 et
1224 3169 1307 3249 qnasi

70 3273 255 3335 necessitate.
301 3272 353 3334 Sic
373 3270 445 3332 rual'e
467 3270 533 3332 olirn
555 3270 717 3348 Guarinus,
739 3270 804 3348 olii,
833 3271 863 3332 in
884 3267 1000 3333 Catullo
1023 3269 1061 3335 ΙΙ.
1085 3278 1115 3332 9.
1138 3291 1239 3335 secum
1260 3270 1306 3333 le-

70 3377 196 3452 gebant,
232 3377 339 3440 Secum
367 3376 473 3438 ludere
487 3424 490 3430 ,
506 3381 589 3438 sicut
622 3378 692 3458 ipoe
722 3393 855 3457 possem.
899 3374 1055 3437 Praeterea
1085 3375 1213 3438 Petronii
1241 3393 1305 3455 cop.

70 3502 192 3542 cxxvu.
217 3499 341 3556 versus,
370 3498 443 3560 quos
472 3478 577 3543 Catoni
606 3478 740 3540 admovet
770 3477 923 3556 Scaliger,
956 3495 1011 3539 nou
1040 3477 1077 3538 sd
1105 3479 1211 3558 primos
1240 3478 1306 3541 illos

70 3583 204 3645 inviset
226 3584 351 3645 iunonis·
367 3601 493 3654 nnrorcs.
516 3583 568 3645 sel
588 3583 623 3644 ari
646 3582 824 3645 concubitum
845 3582 988 3645 rei'erendi
1011 3584 1079 3643 sunt
1100 3600 1173 3662 oum,
1194 3583 1307 3664 quiesi

70 3687 99 3747 in
121 3686 230 3749 iliados
256 3686 339 3748 xiv.
385 3688 416 3749 il
444 3688 497 3748 ianr
519 3688 626 3749 monuit
653 3685 687 3747 orl
710 3687 801 3748 locuni
830 3686 958 3748 Petronii
980 3685 1164 3749 Gonsnlius(
1189 3689 1306 3751 iiooreri

69 3791 162 3854 iocum
185 3790 261 3852 ilium
280 3792 403 3853 imitatur
424 3808 609 3870 ocsupernre
628 3790 759 3867 laboret,
784 3790 870 3852 etiarn
892 3788 989 3852 tiorum
1007 3789 1199 3869 multitudine,
1221 3793 1306 3855 Non-

70 3914 136 3958 ues
160 3894 212 3956 lib.
245 3895 375 3957 XXXil.
431 3894 566 3959 Colonen
594 3895 630 3955 de
657 3896 800 3958 umoribus
822 3912 913 3972 agore
949 3893 1090 3972 Venerio,
1124 3898 1198 3979 quoii
1226 3915 1306 3958 mon-

70 4003 165 4062 strent
186 4000 357 4080 sequentia:
390 4000 462 4061 Tum
492 3999 582 4062 credo
603 4001 710 4080 suerat
732 3999 868 4062 Mauors
896 3997 1115 4082 cloiocusqne
1136 4000 1173 4061 de
1195 4001 1307 4064 Vulca-

71 4122 124 4182 no,
147 4105 254 4183 primus
276 4106 402 4165 lorinsse
425 4105 577 4182 perspexit
600 4106 624 4165 i.
646 4103 694 4165 Fr.
716 4103 898 4181 Gronovius,
927 4104 1009 4165 cuius
1030 4103 1105 4165 lineo
1131 4109 1194 4167 croi
1215 4109 1246 4168 ut
1266 4125 1307 4168 ex

68 4206 205 4270 Amulio
228 4209 428 4284 cognoscitur,
452 4209 637 4298 conlectura:
661 4209 705 4270 Et
725 4215 820 4270 tecum
841 4216 946 4269 tenera
962 4208 1035 4271 Dea
1050 4211 1125 4272 oica
1142 4210 1258 4272 elidere
1274 4213 1307 4271 in

68 4311 167 4375 teria
187 4311 228 4374 P.
251 4313 363 4392 tiores,
388 4332 465 4396 quos
489 4316 547 4372 eto.
570 4328 632 4372 cunr
652 4311 887 4393 apostrophe-nl
905 4313 1047 4375 Mortem:
1070 4331 1151 4395 quern
1173 4315 1202 4375 in
1224 4313 1307 4375 finem

67 4416 130 4478 sic*
145 4415 314 4494 corrigebat
335 4434 451 4478 versum
474 4420 526 4478 69.
552 4416 642 4492 Turn,
671 4416 780 4493 creole,
805 4415 957 4496 Mauors,
980 4418 1077 4480 iuerns
1099 4417 1251 4481 distentus
1274 4421 1307 4480 ia

68 4540 102 4586 e.
149 4518 272 4591 Rectiru
293 4520 435 4584 Heinsius
453 4524 606 4585 cucuron
628 4519 754 4585 Veneris
766 4519 873 4600 ¹oliuu,
894 4539 977 4604 quen
996 4519 1048 4583 iiis
1067 4524 1185 4600 praeter
1194 4520 1306 4585 voion-
