2948 4986
311 220 314 227 1
339 176 393 239 bb
415 175 582 242 vttttittit
596 177 677 241 bib.
694 175 912 243 laudantis
933 174 1037 240 abbi.
1237 177 1318 267 Μὴ

72 354 142 413 tota
154 349 200 429 ¹ud
223 351 347 413 animine
362 350 472 429 bydiae
493 351 677 423 amissionem
688 353 812 429 spectat
856 348 937 433 Quae
959 349 1069 431 quidem
1089 345 1210 431 quamuis
1223 364 1314 426 egre-

72 453 130 530 gia
153 454 212 515 sint
232 457 264 515 et
285 447 443 529 luculenta,
467 459 559 534 lamen
582 473 677 533 eornm
700 455 786 516 ultorl
808 454 928 537 mraxime
949 453 1078 515 alliciunt
1098 451 1216 529 menda,
1239 469 1314 533 quae

74 558 107 618 in
130 556 190 619 illis
212 558 312 619 iniuria
328 562 483 639 teurporum
497 557 684 621 lnoleoerunt.
727 557 800 620 Nam
821 556 886 639 quid
908 556 951 619 eis
966 558 1098 618 vetustas
1119 573 1175 617 nou
1197 555 1313 629 nocuit,

74 678 160 742 quum
182 665 213 722 et
234 665 378 723 auctorem
401 680 513 743 quoque
534 654 710 725 abstulerit?
738 660 799 723 Sed
827 663 858 722 et
887 678 942 723 uos
962 657 1029 721 bole
1050 659 1193 738 poematia
1213 676 1313 738 parurn

74 763 219 844 prodesse
241 783 408 843 possumus,
429 783 487 844 ope
508 765 645 827 bonorum
667 765 796 827 codicum
818 763 958 826 destituti.

138 867 222 930 llaec
244 867 303 929 ille.
348 867 430 951 Quae
451 870 551 931 merito
573 871 602 930 lu
623 869 818 931 assensionem
839 871 926 949 atque
948 868 975 928 iu
998 864 1122 929 eamdem
1138 865 1311 927 sententiam

74 978 192 1035 traxere
214 973 295 1032 uiros
315 971 453 1036 eruditos.
499 970 537 1035 Ut
557 971 679 1034 Hieron.
696 969 878 1048 Goluurnam,
901 971 931 1031 in
953 970 1038 1031 Ennii
1059 969 1173 1047 Fragrn.
1187 987 1218 1047 p.
1236 969 1311 1031 bib.

73 1075 118 1137 ed.
146 1074 265 1137 Hesscl.
308 1074 347 1151 Ia
378 1093 436 1159 quo
466 1096 575 1156 acuere
602 1078 752 1157 curceium
778 1074 857 1137 illud
880 1081 1052 1158 poematica
1072 1075 1220 1154 comptam
1241 1079 1311 1149 est,

72 1178 156 1263 quod
177 1198 242 1240 suar
270 1178 452 1260 Virqilianio
475 1179 587 1260 denitur
613 1178 702 1241 Dirae
723 1182 922 1261 inscriptam
949 1182 1037 1241 euius
1060 1185 1211 1239 auctorem
1237 1174 1309 1237 Vat.

71 1283 218 1347 Catonem
239 1283 471 1345 Grammatiearm
490 1283 597 1365 furiosa
616 1284 729 1347 eruditi
750 1282 885 1346 credant.
929 1281 1020 1347 Mart.
1041 1281 1081 1343 A.
1098 1279 1225 1342 Delrium
1239 1278 1307 1341 Ad·

71 1404 186 1455 versar.
208 1385 237 1447 in
261 1384 393 1448 Senecae
414 1387 507 1469 Trag.
529 1406 559 1469 o.
585 1391 636 1448 at.
665 1395 791 1449 eastard
813 1392 903 1450 etiam
925 1386 1013 1448 dirae
1036 1384 1144 1451 Ovidii
1165 1387 1196 1444 ia
1216 1382 1309 1461 rora,-

67 1491 258 1566 ethtonic,
281 1510 340 1551 aaa
361 1489 498 1571 Vtrqtttt,
521 1495 552 1555 in
565 1491 671 1553 Arium
684 1493 893 1553 canturium
938 1487 1145 1566 Salvngnium,
1168 1488 1196 1548 iu
1215 1485 1306 1549 0vid.

67 1592 134 1655 lbln
157 1591 323 1671 Prolegom.
346 1590 420 1673 (lap.
448 1592 487 1657 ll.
517 1597 669 1677 carreiam
694 1594 774 1657 illud
801 1593 997 1671 Poematiaa,
1026 1596 1114 1655 caius
1143 1591 1308 1653 Auctorem

67 1717 142 1761 erse
169 1696 322 1761 Valerium
335 1697 479 1760 Catonem
497 1700 728 1762 Grammatieum
746 1703 995 1782 perspicaciores
1016 1699 1202 1761 existimant.
1224 1693 1304 1757 Add.

66 1801 175 1863 bodoli
201 1801 347 1876 Arnoldo,
376 1803 496 1881 Proleg.
524 1805 552 1866 iu
580 1802 685 1880 Diras,
708 1803 782 1864 llan.
812 1803 966 1880 Heinsius,
995 1801 1188 1863 Passeratius.
1232 1796 1304 1859 llcm

64 1904 221 1967 Acidalios
241 1904 371 1968 lliuinat.
395 1908 423 1968 ln
445 1906 540 1969 Plaut.
557 1906 622 1971 biii.
643 1908 759 1987 p.2i8.
775 1905 868 1969 Tbes.
892 1908 955 1969 erit.
978 1904 1062 1970 Grai.
1084 1904 1123 1966 Τ.
1137 1902 1191 1967 Vl.
1215 1903 1254 1965 (l.
1276 1900 1302 1963 1.

63 2008 194 2071 Vossius
226 2009 263 2071 de
294 2014 359 2072 arte
385 2009 537 2073 Grammat.
567 2007 606 2073 ΙΙ.
637 2031 738 2071 nvn.
760 2028 791 2089 p.
822 2014 893 2071 ill.
923 2009 1075 2073 Valeriam
1096 2007 1248 2084 ¹Catonem
1270 2006 1300 2067 ln

63 2111 158 2175 Diris
181 2109 278 2176 laudat
298 2112 452 2194 aliquoties
483 2114 519 2178 C.
543 2113 679 2177 Bnrtblus
705 2115 733 2175 ln
762 2112 1003 2194 Adversariorum
1032 2110 1132 2189 libris,
1158 2110 1211 2173 sed
1239 2109 1304 2189 pla-

66 2234 182 2297 numque
205 2235 266 2276 cam
288 2218 387 2279 neseio
409 2235 464 2298 qua
486 2217 679 2295 dubitatione,
703 2222 733 2280 ut
749 2215 847 2279 XVll.
870 2238 915 2295 xc.
959 2217 983 2278 b
1006 2213 1212 2289 recentioribus
1226 2211 1305 2276 Cor-

65 2321 120 2382 tlun
144 2321 324 2383 dubitanter:
359 2322 439 2385 Cato
473 2323 577 2387 Valer.
604 2325 675 2387 ciac
702 2326 771 2406 qais
799 2322 883 2385 alias
912 2328 1036 2403 auctor,
1065 2321 1098 2379 ia
1118 2319 1232 2380 Diris:
1265 2316 1303 2379 ad

65 2424 176 2489 bacan.
199 2422 258 2487 tii.
290 2427 361 2485 lar.
413 2427 598 2503 Dissensum,
627 2444 689 2488 curu
718 2427 831 2487 caussis
860 2424 1063 2500 dissensionis,
1097 2441 1196 2499 nemo,
1227 2420 1302 2503 quod

64 2530 169 2604 sulam,
187 2527 357 2590 declaravit.
394 2528 484 2591 Pleue
503 2530 697 2593 assentiuntur
712 2528 865 2604 Scaligero
883 2529 907 2589 Ι.
924 2526 970 2589 Fr.
988 2525 1171 2599 Gronovius,
1186 2523 1303 2586 Brouk-

64 2629 187 2709 buslus,
211 2631 430 2695 Wabelieldlus.
475 2631 529 2718 Qui
561 2651 634 2693 vero
668 2632 783 2695 edidere
804 2631 912 2708 Diras,
939 2629 1004 2691 inde
1026 2647 1044 2691 a
1066 2627 1204 2705 Pitbceo,
1227 2646 1301 2689 uon·
1434 2664 1440 2680 ·

64 2735 151 2797 nullis
181 2738 332 2816 exceptis,
365 2738 414 2818 qul
442 2737 559 2818 antiqua
587 2734 761 2816 exemplaria
789 2741 922 2814 repetere
950 2736 1013 2795 siue
1041 2732 1197 2795 mutatione
1229 2733 1303 2793 satis
1341 2802 1344 2807 ¹

63 2836 211 2916 babuere,
233 2843 271 2905 ¹ut
296 2840 428 2917 bogdan.
457 2840 498 2902 A.
530 2837 644 2919 Grypb.
676 2844 785 2918 loom,
809 2842 897 2918 igitur
919 2837 1076 2914 Pithoeus,
1098 2835 1301 2911 Roxbornlus,

62 2942 238 3019 llilberrus,
270 2943 434 3022 Arnoldus,
462 2944 638 3006 Burnranuus
660 2941 731 3008 Sec.
754 2963 816 3007 cum
837 2944 876 3007 N.
899 2942 1038 3020 Heinsio,
1067 2940 1301 3015 Wernsdorlius,

59 3045 271 3122 beclnmums,
294 3046 465 3123 Pulscbius,
492 3064 612 3125 omnes,
642 3047 826 3128 Scaligerum
847 3049 961 3130 sequuti
981 3050 1059 3109 sunl.
1103 3048 1202 3127 Atque
1224 3044 1302 3107 Sca-

51 3147 188 3229 'ligerum
210 3150 240 3211 ln
262 3169 315 3211 sua
336 3151 394 3212 sibi
417 3152 558 3215 sententia
581 3154 767 3229 constitisse,
790 3170 829 3215 ex
852 3151 1102 3230 castigationibus
1124 3148 1250 3213 eiusdem
1273 3150 1303 3211 iu

56 3252 173 3318 catull.
196 3272 224 3331 p.
237 3257 289 3314 52.
312 3254 339 3316 io
362 3255 445 3317 istum
467 3254 558 3331 locum
582 3256 609 3320 0
630 3278 691 3320 rem
711 3256 873 3325 ridiculam
893 3255 991 3333 Cata,
1015 3255 1213 3332 cognoscitur,
1236 3254 1300 3314 ubi:

56 3359 145 3422 Cato
168 3359 230 3419 iate
250 3367 340 3419 autur
361 3358 526 3437 Diraram,
558 3368 592 3423 vt
614 3380 670 3424 suo
693 3359 759 3423 loeo
781 3359 978 3422 ostendimus.
1022 3358 1060 3419 iit
1080 3358 1213 3437 prolecto
1235 3356 1301 3436 quid

54 3466 171 3523 certum
195 3461 222 3520 in
245 3460 292 3520 bis
314 3463 421 3524 nostris
452 3463 556 3526 litteris
579 3464 651 3541 erit,
680 3464 707 3523 si
734 3461 792 3524 boe
814 3482 869 3524 nou
892 3465 932 3524 slt
953 3456 1080 3527 artum?
1123 3458 1231 3521 Verum
1252 3458 1301 3519 lllo

54 3561 196 3626 breviter
224 3581 385 3641 proponere
413 3584 490 3627 suam
520 3566 690 3628 sententiam
724 3568 797 3629 satis
824 3566 945 3629 babuit.
984 3565 1048 3627 Nos
1070 3581 1142 3646 quae
1166 3563 1302 3640 Scaliger

53 3684 147 3749 quam
170 3667 291 3727 sentiret
312 3668 489 3747 rectissime,
511 3669 661 3731 molienda
686 3671 782 3732 itidem
804 3670 868 3732 aliis
890 3670 1024 3752 reliquit,
1046 3668 1148 3730 verbis
1169 3665 1301 3730 declara-

52 3767 157 3833 bimus
181 3769 263 3830 biss.
286 3768 324 3830 ll.
348 3776 378 3832 et
399 3770 481 3833 [liss.
503 3771 557 3834 Ill.
602 3774 678 3836 Sunt
698 3778 792 3837 autem
818 3774 890 3837 duo:
912 3774 1048 3855 primum,
1077 3772 1199 3853 quaein
1222 3771 1301 3834 llinis

54 3876 151 3954 poeta
174 3873 209 3934 de
232 3875 299 3936 latis
321 3875 383 3936 suls
402 3876 535 3958 vitaeque
554 3878 712 3939 rationibus
731 3877 844 3957 prodit,
868 3877 961 3939 omnia
982 3877 1138 3938 convenire
1159 3876 1301 3939 cumiatls

54 3995 95 4039 ac
120 3977 184 4037 vlla
206 3973 344 4054 Catonis,
357 3975 475 4059 ¹(rualem
498 3997 536 4040 ex
552 3979 692 4042 Suetonio
714 3982 861 4059 novimus3
883 3978 1018 4056 alterum,
1041 3997 1103 4041 eum
1119 3978 1301 4058 essepoesis

54 4082 88 4143 ln
112 4079 195 4141 Diris
218 4080 341 4142 colorem
363 4086 448 4163 atque
472 4082 616 4160 habitum,
639 4090 670 4147 ut
693 4086 775 4146 unice
797 4082 919 4148 Catonis
941 4085 1095 4146 conveniat
1116 4083 1214 4146 aetati.

127 4184 234 4246 Verum
264 4191 412 4266 autequam
441 4186 508 4249 illuc
535 4189 770 4269 progrediamur,
799 4189 874 4250 Frld.
903 4187 1030 4250 laccbsli
1053 4186 1225 4251 celebranda
1246 4186 1299 4247 ob-

55 4289 269 4367 servatloest,
292 4292 363 4370 post
378 4289 525 4369 scaligeri
548 4293 694 4356 inventum
715 4294 898 4371 gravissima.
943 4285 1040 4376 Quid?
1061 4291 1136 4374 quod
1159 4290 1300 4352 caeliam

54 4395 158 4472 ugus
180 4397 277 4470 certa,
299 4395 325 4455 sl
347 4397 417 4474 pote
439 4395 518 4473 fieri,
550 4413 632 4477 quam
653 4397 821 4460 observatio
844 4397 989 4477 Scaligeri
1017 4400 1074 4461 est.
1116 4395 1197 4458 Vera
1224 4394 1299 4455 enim

54 4500 208 4577 mucra,
237 4497 363 4574 emsa,
392 4499 468 4581 qnod
497 4502 591 4565 tamen
616 4517 675 4563 aaa
695 4501 922 4582 exspectandum
952 4506 1000 4569 est
1032 4504 1063 4565 at
1081 4501 1149 4576 liat,
1176 4497 1300 4561 dobbarl
