2948 4986
92 177 189 246 400
534 170 936 260 auruaovnusrouus

109 347 190 422 eius,
220 344 305 407 Post.
328 343 393 406 nrt.
415 345 489 406 lilio.
513 345 570 406 To.
594 345 648 409 lV.
671 344 707 406 P.
729 344 823 425 llsp.
846 351 921 409 829.
993 346 1082 408 Alius
1111 347 1242 409 formose
1264 339 1359 426 licet,

111 467 165 510 non
188 447 382 529 inquirendum
412 466 480 509 esse
502 466 563 509 earn
584 449 613 510 in
638 466 767 536 causam
791 451 951 530 curiosius,
984 450 1036 512 sed
1066 448 1237 521 bociolnm
1260 449 1352 530 expli-

111 551 228 613 candum
250 569 319 611 esse
333 569 359 614 re
382 551 622 630 contemplatione
646 555 724 614 vitae
745 555 886 614 rusticae:
918 573 970 633 per
992 570 1091 635 quum,
1114 553 1179 614 dum
1199 554 1233 614 1ιι
1254 553 1352 614 uolitu-

85 656 174 716 ·‹line
197 654 280 716 bomo
304 659 507 728 commoratur,
539 660 651 717 mutuus
673 657 764 718 oritur
790 657 866 718 inter
894 655 1024 718 homiues
1054 661 1084 719 et
1106 656 1353 718 flnrrrluaioules-

109 775 180 839 que,
204 757 255 819 sed
278 762 390 819 montes
412 775 544 838 quoque,
573 776 609 819 ac
631 758 740 838 silvas,
761 778 856 833 amor,
880 764 974 822 mutua
996 759 1188 822 familiaritas.
1233 759 1281 822 lta
1301 763 1353 822 eat.

109 860 311 943 Quaecumque
340 862 478 922 carmina·
497 863 576 922 vitae
605 863 731 924 rusticae
759 865 974 943 descriptiones
997 862 1128 939 babent,
1159 863 1257 937 multia
1285 863 1354 925 locis

109 983 194 1026 caros
215 984 283 1026 esse
299 965 475 1036 fluminibus,
500 966 644 1043 fontibus,
667 967 811 1028 montibus
828 967 1037 1047 arboribusque
1055 964 1186 1027 homines
1204 970 1353 1029 testantm.

108 1069 267 1131 Absentem
297 1073 405 1131 vocant
435 1067 547 1131 flumina
576 1070 760 1150 fontesque„
776 1074 913 1135 mortuum
943 1068 1065 1150 lugent,
1095 1072 1222 1152 Itemque
1248 1077 1353 1133 montes

107 1177 195 1254 atque
216 1171 343 1236 arbusta.
379 1173 467 1234 *Nota
489 1171 621 1252 exempla
643 1177 713 1234 sunt
733 1192 771 1234 ex
789 1173 879 1252 poesi
901 1156 1051 1234 bucolica:
1081 1192 1144 1234 nam
1165 1174 1353 1250 agricolarum

108 1281 309 1357 pastorumque
331 1277 509 1357 frequentius
532 1293 593 1337 cum
616 1275 801 1353 fluminibus,
822 1258 1001 1352 nemoribus,
1031 1277 1196 1356 montibus,
1221 1296 1351 1347 commer·

108 1382 197 1456 cium,
220 1398 302 1462 quam
324 1378 443 1471 aliorum
465 1377 616 1440 bantinum.
662 1379 834 1462 Quemquam
855 1380 958 1441 similia
985 1382 1070 1442 eliam
1093 1380 1129 1442 de
1151 1380 1218 1442 aliis
1241 1382 1351 1462 pracli-

108 1488 210 1545 cantnr
231 1481 279 1545 bic
300 1482 375 1560 illio,
406 1484 454 1565 qul
477 1501 533 1544 nou
556 1488 624 1546 sunt
650 1490 785 1563 pastores
814 1486 864 1546 ant
891 1482 1057 1560 agricolae:
1093 1488 1125 1546 nt
1153 1484 1190 1546 lc
1214 1483 1352 1546 Umbrone

108 1587 276 1661 sacerdote,
304 1587 565 1648 etmedicaminnm
587 1587 698 1666 perito,
728 1585 872 1668 Virgilius
895 1587 973 1649 Aeo.
997 1587 1066 1648 Vll.
1090 1589 1166 1651 159.
1187 1608 1258 1670 sequ
1274 1634 1280 1643 .
1296 1587 1351 1650 Nec

1 1710 4 1717 ’
109 1695 200 1753 tanrcn
223 1690 384 1770 promiscue
406 1708 505 1750 omues
527 1708 566 1757 ea,
585 1691 705 1751 caritate
726 1690 783 1750 irni
804 1689 1009 1770 perhibentur,
1034 1691 1089 1752 sori
1116 1692 1164 1773 qui
1191 1692 1287 1774 aliqua
1309 1696 1350 1752 art

76 1820 78 1827 ·
109 1797 235 1873 virtute,
257 1798 306 1857 ant
328 1800 406 1871 arte,
430 1797 478 1856 aut
501 1794 624 1874 denique
647 1796 732 1872 ielis,
751 1799 787 1855 nt
807 1794 952 1854 amoribus
971 1795 1048 1871 suis,
1070 1796 1208 1881 insigues
1225 1799 1348 1857 luerunt:

109 1903 141 1960 nt
165 1899 295 1974 Adonis,
318 1897 469 1976 Daphnis,
492 1899 563 1975 llio,
585 1897 718 1976 Tityrus.
758 1897 864 1978 ,ltaque
879 1897 1034 1967 ‚noueris
1051 1898 1118 1960 ΙΙΙιιιΙ
1141 1904 1285 1961 meruerat
1300 1915 1348 1959 -ιιιι

110 2002 223 2065 listulae
252 2004 317 2063 sive
345 2019 457 2063 avenae
487 2002 601 2080 peritia.
645 1999 788 2065 Moschus
810 1994 864 2062 lii.
896 2002 946 2062 11.
977 2000 1014 2062 de
1036 2001 1164 2063 Homero
1194 2007 1226 2065 et
1249 2002 1347 2064 litore:

109 2101 296 2184 ἀμφότεροι
318 2108 437 2181 παγαῖς
449 2101 689 2182 mammertinus.

173 2210 286 2272 Partem
309 2228 415 2271 versus
436 2209 522 2283 buius
544 2210 749 2288 posteriorem,
772 2227 856 2288 quum
878 2208 925 2269 (liu
947 2227 992 2270 me
1010 2226 1183 2288 suspensum
1198 2210 1347 2271 ιιιιιιιιιιιιι

110 2315 176 2377 binc
203 2333 281 2383 arnor
309 2312 494 2390 elegantiae,
523 2312 590 2373 irinc
615 2304 749 2373 librorum
777 2313 934 2373 auctoritas
960 2314 1156 2394 antiquorum,
1185 2313 1224 2374 de
1253 2313 1346 2394 quibus

111 2423 242 2496 constat,
273 2419 407 2490 omnium,
440 2416 558 2478 tandem-
572 2433 608 2477 eo
631 2420 798 2495 conceptam
819 2415 902 2475 modu
924 2416 1007 2492 deli,
1035 2434 1119 2497 quem
1141 2413 1265 2479 Catone.
1283 2414 1346 2477 nrm

111 2522 257 2598 iudignum
280 2522 481 2601 praescribunt
503 2521 578 2582 libri.
608 2521 740 2602 ,flumina
756 2538 873 2601 remper
890 2539 941 2596 o.,
965 2526 995 2580 ut
1017 2520 1046 2580 iu
1067 2520 1197 2580 editione
1219 2524 1269 2582 est
1285 2518 1346 2581 omui

111 2626 177 2687 iola
192 2627 318 2705 oprimis
331 2626 525 2704 temporibus,
537 2627 622 2687 etiam
637 2623 811 2698 Mutinensi,
825 2626 855 2684 et
868 2623 897 2682 in
912 2623 995 2684 coll.
1004 2621 1160 2683 liasvrat.
1170 2622 1209 2684 ll.
1219 2620 1348 2685 Vosall.

112 2729 300 2810 quicodiees
323 2729 449 2808 pendent
471 2727 508 2788 ab
531 2727 637 2803 editis,
659 2745 678 2787 a
700 2730 866 2788 correctore
887 2726 1065 2804 putaverim,
1092 2726 1137 2786 cui
1161 2724 1218 2787 boe
1240 2727 1348 2787 suarius

113 2833 247 2893 accidere
261 2831 298 2892 ad
316 2849 402 2892 aures
420 2831 587 2908 videbatur,
608 2831 760 2891 invectum.
806 2839 924 2911 semper
937 2829 1060 2909 flumina
1080 2831 1107 2889 in
1123 2828 1348 2916 Petam-'lbera

113 2933 223 2996 Medic.
251 2932 331 2995 lanii.
360 2932 517 2994 Parisii
542 2932 595 2994 ΙΙΙ.
619 2931 672 2992 lV.
697 2931 788 3008 alogi.
816 2932 899 3008 Aug.
924 2931 1006 2992 bion.
1030 2931 1054 2992 l.
1077 2932 1116 2994 ll.
1139 2932 1223 2994 Vrat.
1241 2932 1272 2995 1.
1312 2932 1348 2994 lle

114 3038 255 3116 numeris,
287 3040 317 3100 et
338 3035 375 3098 de
398 3022 520 3098 elisione
540 3037 648 3113 minus,
679 3040 709 3098 ut
730 3035 825 3098 multis
854 3035 1012 3109 videbitur,
1043 3037 1144 3114 suavi,
1171 3036 1234 3115 sed,
1256 3035 1347 3100 ctum

114 3140 316 3218 usitatissima,
340 3140 404 3201 ilico
428 3139 509 3200 Diss.
529 3139 583 3201 111.

125 3302 130 3311 ,
178 3241 213 3305 ln
235 3236 358 3308 Vraiial.
380 3243 405 3305 1.
428 3245 488 3304 alc:
517 3243 572 3306 tibi
594 3262 711 3325 semper
731 3241 854 3323 ιιιιιιιίιιιι
875 3253 976 3306 retum·
996 3248 1027 3309 et
1049 3245 1146 3304 omissi
1176 3262 1282 3306 versus
1301 3243 1345 3305 loo

116 3353 167 3410 rili.
190 3350 221 3412 el
244 3353 296 3411 na.
341 3344 453 3410 Caussa
475 3349 583 3409 erroris
606 3347 634 3407 iu
656 3351 757 3426 aperto
784 3350 841 3408 est.

179 3557 219 3619 V·
232 3561 283 3618 66.
305 3569 369 3635 Nlla
382 3567 454 3651 EST
465 3561 561 3635 olion
577 3566 724 3621 innuant
734 3566 928 3622 munnulus:
938 3566 1220 3621 multinubum:
1230 3564 1343 3623 brutii·
1388 3600 1392 3675 p

116 3660 181 3723 «liei
201 3659 350 3737 vulgatum
372 3659 401 3720 in
422 3659 575 3728 Romanis,
600 3657 777 3719 oceanas.
801 3656 885 3718 Vrat.
907 3657 946 3719 11.
969 3659 1060 3721 Voss.
1084 3657 1123 3718 ll.
1147 3657 1262 3721 Veneta
1281 3653 1343 3720 Aob
1386 3682 1392 3743 q

116 3763 193 3825 iiiut.
216 3767 246 3825 et
267 3763 392 3825 caeteris
415 3770 483 3826 ante
504 3761 629 3824 Aldinae
650 3762 712 3822 iere
734 3759 881 3837 omnibus,
903 3762 932 3821 in
954 3759 1098 3822 nonnullis
1114 3762 1199 3823 etium
1215 3770 1283 3841 post
1298 3757 1342 3823 11-
1387 3746 1392 3769 ⁴

117 3868 216 3939 linas,
239 3870 272 3928 nt
292 3869 320 3928 in
342 3867 436 3944 bugd.
464 3871 555 3928 1529.
580 3866 649 3926 llas.
676 3867 767 3926 1515.
790 3861 885 3940 latagi.
909 3868 1003 3926 1556.
1042 3865 1081 3926 nt
1103 3864 1133 3924 in
1155 3861 1343 3947 antiquissimis
1386 3912 1392 3939 ,

118 3969 230 4052 quidem
251 3971 317 4033 sine
338 3971 568 4050 interpunctione
590 3975 658 4049 pust
678 3969 823 4031 alumine:
846 3985 920 4048 quac
942 3969 1069 4029 accessit
1092 3969 1120 4028 in
1137 3968 1262 4031 Venetis
1281 3965 1343 4035 1111
1386 3946 1391 3973 ¹

119 4078 149 4135 et
171 4073 247 4134 lens.
336 4075 402 4137 dici
423 4075 522 4136 neseio
546 4073 637 4150 unde,
663 4073 717 4134 seri
739 4075 866 4134 iortasse
888 4072 971 4133 Belli
1000 4062 1146 4134 inventum
1169 4077 1231 4153 est,
1260 4074 1290 4135 ln
1306 4070 1342 4134 Δ·
1385 4114 1392 4157 ¹,

119 4177 298 4248 scensianis,
331 4176 460 4240 Crontlit.
491 4177 566 4239 lunt.
596 4175 732 4254 lingunt.
763 4179 856 4239 1519.
889 4176 964 4238 Ven.
991 4182 1083 4238 1555.
1117 4174 1254 4258 Scaligg.
1281 4171 1341 4243 tiu·
1383 4196 1392 4277 ',

119 4282 185 4342 Nou
199 4280 294 4341 'video
316 4299 372 4361 quo
394 4298 493 4342 sensu.
538 4280 610 4363 Quis
632 4281 704 4342 enim
725 4282 872 4360 perlecto,
896 4282 978 4357 diui,
1002 4279 1084 4341 loeus
1105 4279 1172 4358 bic,
1197 4282 1246 4343 ubi
1267 4282 1342 4343 lenm
1384 4280 1387 4285 '

119 4385 154 4444 rm
178 4384 378 4445 devoventium
400 4385 562 4462 accingitur
582 4377 691 4464 portui
724 4382 937 4466 llequircbatnr
958 4383 1073 4462 dicam,
1097 4382 1145 4446 vel
1168 4386 1250 4449 alico·
1292 4382 1342 4458 119

120 4488 288 4551 nuenario
310 4487 499 4550 emendationi
520 4487 669 4570 vulgatum
695 4488 760 4553 utel
780 4488 972 4568 praeferrem·
1016 4487 1077 4553 Seu
1103 4487 1185 4552 511111
1201 4486 1343 4555 narmi
