2948 4986
430 790 1026 881 DlltAE:

108 1401 294 1521 Battare,
321 1455 474 1527 cycneas
500 1442 701 1528 repetamus
727 1437 882 1508 carmine
909 1459 1034 1508 voces:

108 1587 257 1660 Divisas
283 1591 411 1660 iterum
438 1588 541 1660 sedes
569 1598 605 1660 et
618 1612 714 1661 rura
741 1610 925 1677 canamus,

110 1745 226 1829 Rura,
254 1744 382 1840 quibus
410 1742 505 1814 diras
532 1743 742 1833 indiximus,
770 1746 876 1841 impia
902 1755 997 1843 vota.

110 1898 209 1970 Ante
235 1877 339 1995 lupos
365 1901 504 1995 rapient
529 1898 653 1985 haedi,
679 1899 785 1972 vituli
812 1910 894 1972 ante
909 1901 1063 1990 'leones,

110 2053 281 2151 Delphini
307 2054 447 2149 fugient
472 2056 607 2149 pisces,
634 2055 775 2150 aquilae
803 2067 885 2128 ante
912 2057 1111 2145 columbas,
1328 2066 1355 2134 5

113 2211 162 2282 llt
188 2235 362 2282 conversa
388 2221 480 2282 retro
507 2233 625 2281 rerum
653 2210 825 2282 discordia
851 2213 996 2308 gliscet,

71 2436 74 2442 .
112 2366 231 2438 Multa
257 2368 373 2460 prius,
400 2365 507 2436 fuerit
534 2389 639 2462 quam
666 2389 736 2437 non
763 2389 841 2437 mea
867 2367 980 2438 libera
1007 2391 1133 2442 avena.

112 2520 297 2593 Montibus
324 2531 360 2591 et
386 2519 489 2591 silvis
517 2519 630 2590 dicam
655 2530 717 2590 tua
743 2519 856 2607 facta,
883 2521 1069 2617 Lycurge,

113 2677 237 2771 Impia.
276 2674 481 2746 Trinacriae
510 2674 733 2747 sterilescunt
758 2675 888 2769 gaudia
915 2676 1036 2759 vobis,

112 2830 192 2903 Nec
218 2830 371 2901 fecunda
397 2833 492 2902 senis
519 2833 649 2917 nostri,
676 2830 796 2902 felicia
820 2856 948 2919 rura,-

111 2987 260 3060 Semina
285 2989 483 3082 parturiant
508 2999 668 3082 segetes,
695 3011 766 3058 non
792 3011 923 3083 pascua
945 2988 1078 3076 colles,

111 3142 195 3215 Non
222 3116 366 3214 arbusta
393 3165 505 3214 rruvas
533 3143 674 3237 fruges,
702 3166 772 3213 nun
798 3146 984 3238 pampinus
1010 3167 1118 3229 uvas,

109 3300 214 3394 Ipsae
243 3321 312 3369 non
339 3297 454 3370 silvae
480 3296 641 3385 frondes,
668 3322 738 3369 urm
765 3298 910 3368 llumiua
937 3312 1084 3369 montes

110 3454 268 3540 Rursus,
296 3465 331 3525 et
357 3453 424 3524 hoc
451 3455 577 3524 iterum
605 3464 803 3548 repetamus
830 3451 975 3524 Battare
1002 3476 1154 3524 carmen.

109 3609 247 3680 Elletas
275 3608 415 3681 Cereris
442 3608 533 3679 sulci
559 3608 717 3679 condatis
744 3632 895 3694 avenas,
1297 3613 1348 3682 15

108 3764 249 3835 Pallida
274 3764 471 3836 flavescant
497 3774 597 3834 aestu
624 3765 779 3834 sitientia
805 3776 924 3858 prata,

108 3920 300 3991 Immatura
326 3919 455 3990 cadant
480 3923 587 3990 ramis
613 3919 803 4014 pendentia
829 3919 936 4005 mala,
1162 3926 1185 3981 i

108 4073 234 4146 llesint
261 4027 297 4146 et
322 4075 425 4146 silvis
452 4073 592 4161 fronde·
621 4084 676 4149 ,et
701 4074 857 4145 fcrrtibus
884 4074 1026 4160 humor,

106 4228 185 4301 Nec
212 4231 303 4303 desit
328 4233 458 4301 nostris
485 4096 651 4301 devotffln
678 4251 818 4300 carmen
845 4231 980 4302 avenis.
1028 4295 1034 4300 .

106 4378 203 4456 llaec
232 4384 383 4458 Veneris
410 4387 509 4456 varin
536 4385 698 4456 florentia
723 4370 819 4457 berta
846 4385 989 4471 decore,
1023 4352 1030 4369 ⁶

105 4502 288 4638 Purpureo
315 4564 574 4639 campos-quae
599 4541 750 4637 pingunt
775 4564 888 4621 verna
914 4540 1049 4612 celaret
