2946 4988
122 193 201 267 234
583 186 858 252 nrssnnnnnno
881 186 906 251 1.

122 363 227 446 aliquis
248 380 321 445 quae
343 362 439 424 insunt
459 362 495 424 ael
518 360 663 424 historiam
690 361 882 441 pertinentia,
907 378 982 445 quae
1008 362 1120 444 quidem
1151 361 1222 424 mihi
1245 361 1368 425 nonium
1410 418 1412 423 .

124 470 191 530 sunt
212 466 329 547 penitus
352 470 523 546 perspecta,
547 466 748 546 expediverit,
768 469 861 526 tumen
880 468 978 527 cantra
994 465 1103 544 Heynii
1120 467 1368 529 sententiamnon
1410 558 1412 567 Ι

123 569 215 632 solum
237 571 359 649 priorem
389 568 480 644 iliam,
512 570 564 630 sed
588 571 671 630 etiam
694 567 904 649 posteriorem,
934 586 990 649 qua
1011 570 1160 645 Augustei
1181 569 1274 630 fetum
1290 589 1368 631 sae-

124 674 197 754 culi,
219 674 288 752 seul,
309 678 340 736 nt
362 674 492 749 videtur,
516 672 707 748 declinantis,
730 690 798 732 esse
821 671 1014 745 concedebat,
1036 671 1177 753 antiquam
1200 691 1291 750 esse,
1313 671 1368 736 lroo
1409 674 1412 705 ÷

124 780 186 854 est,
208 779 263 837 tam
284 776 441 857 antiquam,
473 780 504 836 ut
525 760 621 854 possit
652 775 689 837 ab
719 777 823 836 iurene
853 778 963 855 scripta
992 773 1118 852 Virgilio
1147 793 1237 853 esse,
1260 780 1368 839 statem

124 879 294 959 lmperitiam
323 878 468 941 concedo:
502 896 620 957 verum,
650 880 681 939 ut
708 878 785 951 dixi,
814 878 923 958 duplex
951 880 1092 958 reperitur
1121 880 1287 960 imperitia,
1316 899 1370 943 nne

125 983 294 1045 declinantis
315 1001 333 1044 a
356 1001 409 1044 suo
431 983 552 1059 fastigio
574 983 660 1059 artis,
682 980 774 1043 altera
795 983 931 1044 enitentis
944 982 979 1043 ad
997 983 1155 1059 fastigium.
1203 983 1281 1046 Post
1297 983 1367 1047 lraen

124 1088 230 1165 sponte
259 1084 431 1163 intelligitur
462 1103 515 1146 non
549 1085 694 1147 ferendum
725 1103 793 1146 esse
822 1104 953 1164 versum,
982 1084 1075 1167 qualis
1109 1085 1205 1163 uulgo
1239 1091 1288 1149 est
1318 1091 1369 1150 48.

124 1191 228 1273 Saepe
249 1190 390 1254 audmdo
411 1210 494 1253 mare
515 1193 655 1266 vincere,
680 1210 776 1273 caepe
801 1190 931 1252 liem‘em.
975 1188 1053 1264 lllei,
1076 1189 1196 1252 onelioes
1215 1189 1368 1253 anlleer-

125 1295 169 1355 sis
191 1299 221 1355 ct
235 1293 397 1356 Vossianus
412 1292 451 1354 ll.
475 1293 607 1354 Venetae
620 1292 714 1355 llubel
737 1298 766 1354 et
787 1291 922 1363 lomoni,
946 1291 1115 1363 Viceotina,
1139 1292 1261 1356 Veneta
1279 1298 1366 1356 1482.

126 1400 156 1459 et
178 1395 292 1458 Veneta
315 1396 482 1458 Burmanni:
504 1397 540 1460 S.
560 1397 700 1460 audmdo
721 1415 805 1459 more
825 1406 865 1459 et.
888 1396 962 1477 qrrod
985 1395 1168 1458 memorabile
1192 1405 1244 1459 est
1264 1416 1367 1459 versus

126 1499 259 1562 fulcrum:
282 1518 318 1561 an
340 1519 359 1561 a
379 1501 469 1580 primo
494 1495 630 1563 editorc'i
674 1499 761 1562 Aitna
783 1517 838 1560 non
863 1499 984 1561 collatus
998 1498 1093 1561 haheo
1115 1499 1151 1561 ad
1169 1499 1250 1562 lunae
1268 1501 1366 1563 locum.

84 1636 95 1669 u
127 1603 209 1688 Quae
231 1607 343 1667 restant
366 1605 506 1682 carmina,
528 1604 567 1665 V.
590 1603 674 1669 Vlll.
696 1603 765 1667 ΧΠ.
786 1603 870 1668 XlV.
893 1603 940 1665 erl.
963 1604 1060 1683 lleyu.
1106 1600 1220 1679 (Anth.
1243 1605 1311 1668 lat.
1331 1604 1366 1668 ll.

128 1730 252 1769 ccxnvr.
275 1730 374 1769 cxxx.
398 1731 510 1769 cxxrrr.
533 1711 622 1787 uxr.)

343 1813 454 1875 Iacere
473 1833 534 1890 me,
559 1814 640 1898 puori
661 1814 729 1875 olto
752 1833 809 1875 ooo
829 1815 967 1895 poesim,
989 1820 1095 1896 putas.

343 1916 481 1980 Selinus
503 1917 573 1994 ille,
605 1938 690 2000 prtem
710 1917 842 1995 uidetis,
872 1919 1021 2001 ioapr‘tec.

344 2022 500 2105 Adspice,
524 2043 608 2107 poem
629 2022 736 2085 ualido
758 2023 917 2085 subnixum
937 2023 1038 2102 pluria
1059 2040 1162 2102 repro.
1230 2066 1234 2073 .

345 2127 423 2216 (ieris
446 2127 542 2204 deuo,
567 2126 697 2206 Octavi,
719 2135 751 2190 te
771 2127 858 2188 nobie
880 2119 1032 2188 abstulit?
1053 2146 1094 2187 un
1117 2146 1211 2210 qaae.

97 2240 229 2308 'nemn,
256 2232 346 2309 puto,
374 2249 493 2312 unquam
519 2230 717 2310 adscripturus
744 2228 870 2307 Virgilio
899 2229 1021 2305 luisset,
1055 2230 1126 2305 nisi,
1158 2229 1238 2310 quod
1262 2249 1318 2310 per
1337 2247 1368 2292 rr

127 2350 183 2395 non
206 2333 280 2395 satis
302 2331 425 2394 validum
447 2335 668 2410 firmamentum,
690 2337 798 2396 mature
820 2352 905 2411 casu,
929 2331 977 2418 vel
1000 2331 1157 2410 colligendi
1180 2322 1366 2413 llloirline,ir

126 2437 259 2498 viciniam
282 2439 506 2521 societatemque
537 2438 687 2500 carminum
714 2438 864 2499 venissent
895 2435 1128 2513 Virgilianorum.
1173 2435 1209 2497 Si
1231 2438 1303 2518 quirl
1324 2441 1365 2500 ta·

126 2558 189 2602 men
222 2538 271 2602 iric
297 2558 410 2624 qnoque
439 2543 538 2604 sensui
570 2541 765 2620 tribuendum,
797 2559 857 2618 ego
888 2540 962 2622 qunrl
995 2545 1142 2620 postremo
1172 2538 1239 2602 loco
1269 2541 1363 2622 pomi,

126 2638 207 2734 Quia
230 2644 306 2707 deus
328 2643 460 2724 Octavi,
482 2645 596 2707 ruritius
619 2645 765 2707 crederem
778 2643 897 2721 Virgilii
914 2662 999 2715 esse,
1023 2662 1103 2726 quam
1121 2642 1247 2729 reliqua.
1282 2643 1363 2709 Corte

127 2748 243 2825 ineptus
272 2749 366 2825 foret,
395 2749 421 2809 si
449 2748 514 2830 quis
540 2746 609 2808 illurl
641 2752 761 2828 propter
793 2748 974 2824 tenuitatem,
1007 2751 1037 2809 et
1065 2748 1139 2828 quorl
1169 2749 1200 2808 in
1228 2745 1363 2808 homine·

127 2850 257 2927 ignotum
280 2851 415 2930 scriptum
437 2855 499 2929 est,
522 2856 646 2929 negaret
668 2869 736 2912 esse
751 2851 881 2927 Virgilii.
925 2851 1001 2929 Non,
1014 2868 1127 2931 semper
1147 2868 1257 2928 magna
1280 2868 1363 2933 puar-

127 2957 194 3015 runt
215 2953 284 3015 boni
307 2958 412 3032 poetae
440 2959 624 3033 argumenta:
655 2954 711 3017 etsi
739 2973 813 3036 quae
841 2953 881 3014 illi
909 2954 1041 3015 scribunt
1069 2958 1242 3031 argumento
1277 2954 1363 3027 muni,

129 3054 227 3118 delere
249 3055 326 3120 solet
347 3062 438 3120 aetas.
485 3059 530 3121 lie
553 3059 675 3121 carmine
704 3059 845 3141 Adspice
868 3078 951 3142 parem
972 3057 1079 3121 vaide
1102 3064 1159 3119 etc.
1184 3055 1256 3118 nilril
1277 3055 1364 3119 liabeo

103 3142 203 3242 'quoi
226 3160 330 3222 dicam.
373 3160 406 3224 ln
427 3162 572 3227 Salicum
594 3181 705 3224 carmen
735 3164 855 3243 propter
876 3159 966 3223 solam
988 3160 1172 3222 acerbitatem
1195 3166 1288 3244 atque
1309 3166 1366 3223 trs·

129 3262 278 3327 culentiam
301 3282 357 3326 nou
379 3267 570 3329 abiudicarem
592 3267 629 3329 alr
659 3265 802 3346 Virgilio;
835 3270 866 3327 et
887 3267 916 3327 iu
938 3265 1082 3345 parociam
1104 3269 1285 3328 convertere
1307 3283 1366 3328 ear·

128 3386 190 3429 men
220 3365 422 3447 catullianum,
456 3372 597 3450 inceptum
626 3372 772 3433 videbitur
800 3373 941 3450 postea,
975 3387 1047 3451 quae
1069 3387 1156 3448 supra
1179 3369 1271 3449 dixi,
1301 3363 1367 3432 lirul

129 3472 274 3553 iudignum
295 3473 434 3550 Virgilio.
478 3473 661 3555 Verumque
685 3475 719 3536 ad
742 3474 896 3551 Virgilium
919 3475 1076 3547 referatur,
1098 3469 1236 3534 indicium
1260 3478 1368 3537 notan-

130 3593 184 3656 que
206 3577 313 3638 trustra
344 3577 554 3657 circumspicio.
599 3576 725 3640 Omnium
756 3578 869 3638 minime
897 3595 1010 3638 carmen
1037 3578 1066 3637 in
1096 3576 1234 3655 Lucium,
1266 3579 1370 3642 Iacere

130 3698 192 3755 ure,
217 3678 297 3765 puori
319 3680 386 3742 alta
407 3701 466 3743 ooo
486 3687 623 3765 poesim,
651 3693 766 3764 putas,
797 3680 885 3741 tribui
909 3678 1038 3756 Virgilio
1061 3697 1149 3759 posse
1173 3699 1301 3745 censeo.
1342 3681 1370 3742 ll

130 3781 164 3845 ln
192 3783 320 3844 irumno
356 3783 545 3847 catullianum
575 3785 737 3846 videbatur.
793 3783 906 3868 Quanto
939 3785 1099 3863 sapientius
1128 3782 1292 3862 Scaliger:
1319 3804 1372 3849 rroa

131 3890 231 3949 enaim
265 3885 393 3968 Virpilio
419 3890 600 3966 attribuere,
636 3889 708 3951 licet
735 3889 862 3968 elegans
884 3896 916 3950 et
935 3887 1094 3951 eruditum.
1143 3886 1282 3953 Videtur
1301 3894 1373 3955 eain

131 3989 294 4063 recondunt
315 4000 445 4054 aetutem
476 3994 612 4073 Augusti
641 3996 788 4077 scriptum
814 3993 928 4073 seriose.
973 3991 1110 4054 Fortasse
1139 4000 1182 4052 'ex
1214 3993 1372 4057 inuitatione

131 4092 252 4172 llpodon
272 4093 384 4156 lloratii
404 4101 497 4157 natum
517 4114 643 4174 camren,
661 4097 766 4178 quibus
788 4099 873 4159 etiam
895 4099 984 4156 metro
1002 4092 1105 4155 simile.
1149 4093 1237 4179 Quod
1261 4096 1372 4162 Cmullo

131 4197 234 4258 simile»
253 4199 308 4273 sit,
329 4198 385 4259 vix
406 4201 554 4281 quicquam
576 4201 725 4263 inveneris
754 4205 871 4280 praeter
892 4200 1113 4280 appellationem
1135 4201 1372 4264 contumelium

61 4338 72 4381 ·.
79 4292 99 4341 '¹³
132 4299 207 4361 lllarn
224 4301 351 4365 decede
365 4301 445 4364 Imci
464 4323 494 4363 v.
509 4307 560 4364 35.
579 4305 652 4386 quod
673 4303 832 4365 convicium
847 4306 939 4365 luisse
957 4302 1043 4365 valde
1062 4302 1128 4364 olim
1141 4305 1298 4382 usitatum,
1319 4322 1372 4367 non
1400 4368 1402 4373 .

132 4420 247 4483 semper
266 4406 384 4485 propria
402 4406 595 4485 accipientium
618 4409 849 4486 significatione,
871 4425 910 4468 cx
927 4406 1028 4469 crebra
1050 4406 1115 4467 eius
1136 4407 1212 4486 apul
1232 4407 1372 4474 Getullu

91 4519 98 4555 ἲ
133 4508 305 4591 repetitione
323 4508 488 4591 colligitur:
511 4511 646 4576 Cinaede
662 4511 790 4591 noum,
812 4512 950 4578 Cinaede
968 4511 1113 4592 Romule,
1136 4514 1270 4579 mamus
1290 4514 1372 4579 rut
