2948 4986
63 309 67 314 β
138 204 219 277 sse
595 198 949 281 nrssmranrom.

204 375 290 438 Nunc
311 393 403 456 pauca
424 380 580 457 supersunt
601 378 638 440 de
650 364 744 458 'poesi
764 362 893 441 Catems
905 377 1225 455 geoentin‘dicenda:
1247 383 1376 461 quatenns

138 478 253 560 quidem
274 480 405 542 iudicium
425 480 463 542 de
484 496 520 543 en
541 482 610 544 ierri
624 495 670 543 ‘ex
692 479 739 544 bis
754 481 867 543 duobus
881 480 1071 561 carminibus,
1090 481 1188 545 Diris
1206 487 1240 546 et
1254 484 1374 564 Eciuuo,

137 580 217 644 licet.

202 687 306 749 Sermo
327 687 355 749 in
377 691 499 769 utroque
520 686 645 749 camnine
660 686 756 761 idem,
781 707 888 750 versus
902 687 986 749 idem.
1031 688 1070 750 bit
1090 707 1165 750 sane
1178 689 1281 750 mirum
1295 692 1371 762 iuret,

95 853 103 875 ¹
136 789 163 850 si
185 789 305 853 Catonis
327 790 474 868 ingenium
496 810 532 852 eo
554 772 691 870 sulpuris
714 795 826 872 spatio,
858 791 933 875 qnod
964 794 1038 854 inter
1064 792 1211 870 liciogam
1242 800 1272 856 et
1296 796 1371 856 lliras

134 894 339 956 intercessisse
360 895 498 965 diximus,
522 895 559 955 ab
581 915 634 955 sua
656 895 839 975 simplicitate
861 895 1040 958 deflexisset.
1086 894 1199 981 Quodsi
1225 901 1272 960 cai
1291 902 1369 976 magis

132 1001 268 1058 maturum
291 1015 402 1058 carmen
424 999 543 1076 Dirae,
566 1000 661 1075 ansgis
685 998 786 1075 virile,
810 1017 892 1081 quam
914 998 1033 1061 aiterum
1058 1001 1215 1077 videatur,
1239 1006 1270 1063 ut
1291 1005 1368 1064 iaieor

131 1100 226 1162 rideri
249 1101 334 1180 nriii,
365 1101 605 1177 videndumst,
634 1121 670 1164 an
693 1104 720 1164 id
744 1109 941 1180 argumentum
959 1102 1095 1164 Dirarum
1116 1106 1158 1165 iis
1179 1107 1275 1185 ferat,
1295 1106 1366 1167 valde

131 1205 201 1266 illud
223 1204 369 1268 diversam
389 1205 427 1266 ab
449 1208 619 1282 argonrento
642 1205 790 1284 Eulogae,
813 1223 887 1287 quae
910 1208 971 1267 tota
993 1209 1141 1269 aumioria.

194 1307 227 1371 lo
250 1307 373 1390 Belopa
394 1309 451 1371 boc
472 1308 685 1369 observandum
708 1326 742 1369 ac
764 1309 1017 1388 perpendendum,
1041 1311 1118 1392 quud
1141 1313 1284 1376 versibus
1302 1315 1363 1374 sori-
1405 1356 1407 1361 -

79 1454 86 1469 -.
128 1415 181 1492 pia
202 1416 250 1474 est
272 1411 458 1474 bexamotris.
503 1410 587 1473 Unde
608 1430 778 1491 persuasum
798 1412 866 1473 milui
895 1408 959 1492 est,
992 1414 1080 1476 etiam
1099 1414 1230 1498 „reliqna
1259 1419 1363 1478 carmina
1405 1426 1407 1497 ξ

128 1515 254 1600 Lydiae
274 1514 344 1578 libri·
363 1517 465 1578 eodem
485 1520 577 1577 metro
599 1517 700 1578 luisse.
744 1515 847 1594 laepia
869 1522 916 1579 est
937 1518 1081 1599 opinatio,
1107 1520 1162 1580 iam
1186 1540 1277 1600 supra
1292 1538 1363 1582 sao-
1404 1514 1407 1615 l

127 1620 176 1680 bis
198 1618 284 1702 liiss
302 1618 342 1681 Η.
365 1622 441 1681 extr.
463 1618 606 1698 explosa,
637 1617 776 1681 Catonem
798 1623 926 1683 fortasse
949 1623 1034 1684 eiiam
1062 1621 1157 1702 lyrico
1180 1626 1304 1685 ιιιιιίιι
1321 1642 1362 1685 ee·
1405 1648 1407 1705 ι

128 1721 295 1784 lcbravlsse
316 1722 446 1801 Lydiam.
491 1723 536 1783 At
556 1721 614 1784 boo
634 1722 738 1804 aliquis
760 1731 898 1805 quaerat,
928 1745 1011 1806 quum
1034 1729 1065 1788 et
1086 1725 1222 1808 liclogae
1244 1732 1363 1802 nostrae,

127 1832 158 1887 et
185 1825 354 1907 reliquorum
390 1826 418 1886 in
452 1825 545 1905 Lydia
573 1828 723 1888 carminum
750 1826 836 1888 molle
863 1832 950 1910 atquo
978 1831 1143 1890 amatorium
1179 1835 1363 1908 augmentum

127 1930 237 1991 inerit:
260 1947 311 1990 eur
331 1947 388 1990 non
410 1928 518 2005 elegis.
560 1928 729 2009 Responsio
757 1930 983 2018 i'aciiis,aique
1004 1933 1033 1992 ia
1055 1937 1202 2012 promptu.
1247 1933 1362 1996 Nondum

128 2033 247 2094 inventa
268 2024 332 2095 crat
353 2030 477 2096 Catonis
500 2038 595 2096 aetate
625 2032 731 2110 Elegia
752 2034 865 2096 Latina.
908 2035 1029 2096 Ριίιιιιιιι
1059 2035 1187 2113 liiegiae
1215 2039 1290 2099 inter
1308 2037 1362 2099 lio-

18 2132 23 2140 ’
126 2155 226 2196 manos
248 2140 392 2199 auctorem
415 2140 446 2198 et
468 2153 527 2214 ego
549 2155 664 2217 semper
685 2139 851 2216 suspicatus
874 2157 952 2215 sum,
976 2142 1006 2200 et
1019 2139 1179 2201 Santenius
1203 2141 1240 2201 ad
1261 2139 1363 2203 Teren·
1405 2120 1407 2167 ¹

126 2241 234 2302 tionum
255 2241 299 2302 lli.
321 2261 352 2320 p.
375 2245 449 2301 286.
472 2241 566 2302 verbo
588 2246 700 2319 monet,
730 2239 872 2304 Catullum
899 2243 1001 2302 icisse.
1046 2241 1079 2304 ld
1103 2242 1220 2304 duobus
1243 2261 1363 2324 compro·

127 2344 213 2405 batur
233 2346 428 2422 argumentis,
462 2338 579 2425 quorum
601 2346 681 2423 prius
702 2343 881 2404 historicum.
936 2343 1040 2405 Nullus
1063 2345 1091 2403 in
1115 2345 1242 2407 bistoria
1262 2347 1364 2409 iiiiera·

127 2466 187 2508 rum
210 2447 357 2509 latinarum
379 2446 529 2508 invenitur
550 2448 692 2529 antiquior
715 2444 829 2509 Catullo
852 2446 1000 2524 elegorum
1029 2448 1174 2526 scriptor:
1212 2469 1275 2510 naun
1301 2449 1364 2529 lipi-

129 2555 302 2632 grammata,
325 2549 470 2627 elegiacis
491 2549 629 2623 versibus
652 2551 776 2630 scripta,
800 2550 942 2627 otlinnii,
966 2555 1045 2612 reete
1068 2550 1104 2611 ab
1127 2550 1186 2614 buc
1208 2554 1365 2636 quaestione

129 2655 258 2718 excindit
281 2654 450 2717 Sanieoins.
493 2652 625 2715 Alterum
646 2659 860 2739 argumentum,
890 2655 918 2715 in
941 2674 997 2736 quo
1019 2673 1076 2722 non
1097 2656 1195 2717 minus
1225 2657 1365 2737 ponderis,

133 2777 150 2820 e
172 2757 412 2839 contemplatione
435 2758 530 2838 ipsius
552 2742 668 2835 elegiae
681 2755 861 2820 Catulliauae
882 2758 1066 2836 petendum·
1091 2756 1366 2843 Sunt-praetercu-

44 2913 49 2918 .
131 2882 200 2924 mam
224 2862 399 2938 Berenices,
430 2879 504 2943 quae
533 2879 590 2921 non
619 2863 737 2940 propria
766 2865 812 2922 est
841 2857 965 2940 Catulli,
994 2868 1024 2923 et
1051 2867 1170 2942 praeter
1203 2859 1366 2925 carmenad

130 2967 264 3041 laneam,
286 2964 361 3044 qood
384 2965 643 3046 epigrammaticum
665 2954 775 3042 magis,
799 2983 879 3046 quam
902 2962 1079 3042 elegiacum,
1100 2966 1175 3027 duae
1199 2962 1362 3028 tantumda

134 3069 196 3132 tulli
219 3066 350 3149 elegiae,
372 3067 409 3129 ad
416 3065 573 3169 pisinum,
597 3068 632 3128 ad
647 3067 802 3142 Manlium·
825 3087 864 3128 ex
878 3068 1098 3149 Epigrammatis
1120 3069 1155 3130 nd
1181 3069 1300 3149 elegiae
1312 3068 1365 3130 lou·

130 3174 290 3253 gitudinem
319 3158 448 3247 aceedit,
480 3171 555 3252 qnod
570 3171 669 3252 vulgo
692 3175 738 3233 est
762 3170 902 3234 LXXVI.
958 3171 996 3234 sa·
1025 3190 1087 3256 pue
1114 3175 1296 3236 recordanti
1319 3177 1364 3232 etc

128 3274 200 3343 lius
219 3274 334 3341 uultum
361 3275 493 3335 momenti
524 3276 551 3335 ln
580 3293 615 3336 eo
645 3293 764 3354 ponam,
796 3275 870 3356 qnod
901 3279 957 3337 tam
986 3293 1096 3355 paucae
1125 3276 1209 3338 sint.
1243 3277 1298 3338 etsi
1320 3273 1364 3335 boe

84 3360 87 3365 ⁵
88 3374 246 3467 --W
269 3398 325 3441 non
347 3377 418 3440 male
427 3377 543 3460 aliquis
570 3381 605 3441 ad
628 3378 703 3440 banc
726 3379 945 3458 disputationem
969 3384 1093 3440 nostram
1116 3377 1293 3442 adbibuerit.
1332 3379 1363 3440 di

60 3436 293 3595 diffluas,
314 3489 428 3564 poetam
452 3483 728 3561 ingeniosissimum,
760 3483 807 3564 qui
830 3487 969 3562 acceptos
990 3483 1027 3544 nb
1049 3484 1262 3564 antiquioribus
1283 3481 1362 3564 poetis

68 3568 240 3683 elim
250 3589 370 3649 iambum
393 3590 424 3649 ct
450 3585 726 3666 hendecasyllabum
756 3586 795 3648 iia
824 3585 971 3664 excoluit,
999 3585 1068 3647 nibil
1096 3590 1128 3648 ut
1155 3587 1228 3665 eleg
1207 3590 1321 3652 antiss
1337 3600 1361 3645 ae

133 3692 281 3752 rotundius
304 3691 428 3769 cogitari
452 3694 556 3773 queat,
589 3690 636 3770 qui
668 3689 725 3749 alia
746 3693 852 3765 metra,
880 3691 981 3767 parvis
1014 3695 1082 3769 apta
1104 3689 1360 3771 carminibus,prl·

133 3813 216 3870 mus,
239 3798 278 3856 ui
291 3794 374 3855 Diss.
392 3794 418 3855 Ι.
440 3815 470 3874 p.
489 3800 570 3856 230.
585 3791 774 3872 probabiliter
796 3792 924 3865 conieci,
949 3794 977 3854 iu
1000 3793 1109 3855 Latium
1131 3793 1247 3874 intulit,
1271 3798 1359 3856 tracia·

134 3899 234 3978 viique
256 3896 429 3958 felicissime·
444 3916 479 3958 ac
502 3897 696 3976 peritissime:
727 3897 753 3956 si
785 3896 829 3956 in'
842 3895 947 3972 illegia
968 3896 1041 3958 alios
1063 3902 1202 3960 auctores
1223 3895 1361 3961 latinasei

135 4002 213 4063 bona
234 3999 366 4079 exempla
387 4000 476 4061 latina
497 4003 564 4060 anie
587 3996 686 4058 oeulos
707 3997 875 4076 habuisset,
897 3999 1041 4088 aliquanto
1056 4001 1151 4077 magis
1173 4004 1295 4081 peritum
1315 4017 1359 4060 ιιι

136 4107 242 4185 gisque
265 4103 451 4165 exercitatum
473 4103 529 4164 boe
552 4105 579 4162 in
602 4120 728 4179 genere,
752 4120 833 4183 quam
855 4120 929 4163 nunc
943 4107 1005 4178 esi,
1025 4104 1203 4166 videremus.
1246 4106 1318 4168 Nasu
1335 4102 1360 4162 de

134 4208 241 4286 Elegia
263 4208 298 4268 ad
320 4205 460 4269 Manlium
483 4209 576 4269 sentio
599 4206 710 4289 quidem
732 4225 794 4268 cum
816 4205 955 4268 lilureio:
984 4205 1205 4285 pulcherrimam
1233 4228 1317 4288 esse,
1340 4209 1359 4266 ei

135 4314 263 4372 fortasse
285 4309 387 4371 nuliam
410 4310 536 4370 inomni
559 4310 661 4372 Latina
683 4309 782 4385 lingua
804 4307 991 4388 pulchriorem
1014 4311 1158 4389 reperiri:
1188 4333 1288 4375 verum
1307 4329 1360 4373 sen·

134 4416 175 4476 iio
198 4416 255 4492 ita,
283 4415 350 4495 quia
370 4416 494 4493 poetae,
527 4413 556 4473 in
585 4431 641 4494 quo
664 4413 708 4474 sio
729 4412 900 4491 simplicitas
920 4414 1036 4494 antiqua
1058 4430 1121 4476 cum
1142 4419 1264 4496 propria
1283 4433 1361 4478 vena·

135 4521 213 4581 state
235 4517 387 4580 coniuncta
408 4519 472 4596 est,
500 4519 533 4581 ui
553 4519 601 4580 est
621 4516 698 4598 apud
720 4515 879 4598 catullum,
906 4516 993 4581 edu
1018 4518 1111 4582 minas
1130 4519 1269 4587 absoluta
1288 4534 1362 4603 open
