2948 4986
573 193 848 258 nissutt'tntto
875 194 928 259 lV.
971 222 975 227 ’

490 393 960 570 4Αηρίῖοαφιαε.

128 675 129 678 ’
188 661 281 722 Harl.
304 661 469 724 Muuuecr.
492 662 665 726 Nomou.
683 662 772 744 folio.
790 661 991 724 commemor.
1013 661 1041 721 in
1058 661 1165 722 lliuseo
1190 662 1353 724 Britannico.

122 765 207 826 Hunc
229 783 361 846 quoque,
395 766 508 847 dequo
532 766 596 827 nrilri
619 767 730 849 quidem
753 766 837 845 plene
860 765 929 826 nihil
954 765 1127 838 constabat,
1149 768 1312 844 protraxit,
1330 770 1354 827 ct

121 867 341 944 diligentissime
363 854 483 931 contulit
504 871 665 931 Lusrenus.
710 869 831 932 Scilicet
844 871 967 931 lrondini
990 870 1173 929 commoranti
1197 888 1280 949 quoru
1301 871 1352 930 edi-

121 972 226 1032 tionum
251 971 456 1049 Rornanorum,
487 992 558 1055 quos
580 975 607 1033 ci
629 975 784 1052 praecipue
813 974 1067 1050 commendassem,
1097 973 1181 1050 copia
1206 990 1261 1032 uon
1284 980 1353 1036 esset

120 1076 218 1136 luctu:
244 1094 300 1136 eas
322 1077 394 1136 enirn
417 1080 520 1155 postea
542 1077 668 1156 demum,
691 1075 832 1153 Parisiis,
855 1095 943 1137 meum
966 1075 996 1135 in
1019 1095 1098 1137 usum
1122 1075 1268 1136 eontulit:
1291 1077 1353 1138 lonc

120 1176 186 1238 mihi
216 1180 366 1256 egregiam
396 1181 653 1258 compensationem
683 1179 752 1240 dure
785 1179 902 1268 uoluit.¹
942 1178 1030 1241 Liber
1060 1182 1132 1254 est,
1160 1184 1192 1240 ut
1220 1180 1352 1244 iudicatu

119 1273 283 1358 hissenus,
306 1301 361 1343 uon
385 1282 469 1344 volde
491 1285 642 1363 antiquus,
665 1283 716 1342 sed
740 1285 882 1360 scriptura
905 1280 1047 1343 luculenta
1067 1284 1263 1360 conspicuos3
1286 1300 1351 1343 coru-

119 1385 224 1464 peudiu
242 1389 401 1465 scripturae
416 1404 578 1466 perpauco3
602 1386 792 1464 interpunctio
807 1387 999 1466 frequentior,
1022 1404 1104 1467 quom
1127 1385 1158 1445 in
1182 1385 1249 1445 eliis
1272 1385 1349 1462 libris,

118 1506 146 1548 e.
168 1507 201 1565 g.
224 1491 410 1566 Augustuno.
454 1489 557 1552 inesse
579 1494 648 1568 puto
672 1490 778 1551 curiora
800 1489 921 1567 Virgilii
943 1508 1033 1571 opem
1056 1490 1170 1554 omnio:
1196 1495 1279 1550 certe
1300 1491 1350 1550 Ae

118 1592 228 1652 neidenr
251 1593 349 1653 inesse
372 1593 481 1655 diserte
503 1593 610 1654 monuit
632 1591 787 1655 Lassenus.
842 1593 999 1654 Aeneidem
1028 1593 1099 1653 truce
1128 1599 1305 1673 sequuntur,
1329 1596 1351 1653 et

66 1769 68 1772 Α
117 1692 174 1755 lroc
195 1693 305 1756 ordine.
349 1697 401 1759 De
421 1701 505 1760 rosis
527 1695 633 1758 Publii
654 1696 802 1760 Maronis
829 1697 951 1778 Virpilii
974 1697 1165 1761 Partheniae
1179 1697 1351 1780 ,Memnoni

117 1796 241 1859 libellus
274 1800 410 1880 feliciter
441 1803 557 1881 incipit.
612 1800 719 1881 Lepas
747 1801 854 1882 felir,
897 1801 949 1862 De
979 1799 1099 1861 duolue
1133 1801 1350 1863 monooillulio.

118 1902 279 1963 Moretum.
324 1903 486 1986 Priapeia·
536 1901 588 1966 De
610 1907 681 1966 uiro·
699 1904 773 1966 douo
787 1914 825 1967 et
853 1908 1003 1986 eapiente.
1053 1904 1168 1965 Dirae.
1201 1905 1350 1966 Maeonio.

120 2003 245 2085 Virprttt
260 2005 406 2088 iucipio't.
447 2007 563 2071 Versus
587 2009 707 2087 Virpilii
721 2009 822 2070 Nocte
832 2008 912 2088 pluit
923 2016 990 2068 toto
1001 2010 1057 2067 cto.
1086 2006 1200 2067 Culex·
1229 2007 1350 2090 Suppli·

116 2112 199 2170 cutio
221 2121 251 2172 et
277 2110 393 2174 Versus
422 2113 557 2174 Cornelii
587 2111 906 2184 tertiodecimae
928 2110 966 2172 de
987 2131 1045 2172 uon
1067 2110 1275 2172 comburenda
1297 2115 1349 2175 rte-

115 2214 204 2274 recide
224 2218 396 2296 incipiunt,
428 2219 497 2278 item
518 2217 713 2299 supplicatio
734 2219 764 2278 e't
790 2214 906 2300 Versus
943 2214 1060 2277 Valerii
1086 2213 1285 2277 Martialis:
1305 2214 1348 2275 oel

114 2325 148 2378 ut
171 2318 292 2401 quidam
315 2321 418 2382 dieunt
432 2320 565 2401 Sulpicii
585 2321 849 2401 Cortlupinensie
864 2319 904 2380 de
924 2337 982 2379 nou
999 2317 1348 2382 ,combureudeeterreide

114 2426 261 2507 incipiunt
282 2424 428 2506 feliciter.
472 2425 655 2504 lleeponsue
685 2432 714 2485 et
747 2421 863 2484 Versus
888 2420 1056 2484 Octaviani
1078 2425 1218 2502 Aupuott
1240 2423 1280 2484 de
1298 2441 1347 2482 rou

113 2524 294 2588 ec‘lurerrdu
316 2529 452 2590 Aeneide
468 2529 604 2608 feliciter
625 2530 745 2609 incipit.
790 2526 944 2588 Meorrium
965 2527 1108 2609 quisquis
1132 2545 1282 2588 romonae
1302 2547 1346 2587 ue·

114 2632 176 2692 ecit
196 2619 342 2693 lomerum
362 2635 419 2692 etc.
463 2631 626 2714 Rumpitur
647 2630 775 2693 incidire
791 2634 847 2691 etc.
891 2629 1063 2711 Epituplio
1084 2629 1211 2708 Virpilii
1230 2631 1345 2692 dimico.

112 2734 286 2819 Epitaphio
310 2733 433 2816 Virpilii
457 2737 644 2798 Tetrastica.
664 2743 667 2748 ’
689 2737 740 2796 De
761 2734 886 2815 speculo
908 2743 939 2795 et
961 2728 1054 2818 apuu,
1099 2733 1153 2794 De
1175 2755 1264 2819 equa
1284 2753 1345 2796 cor-

112 2857 207 2899 vereu
235 2842 266 2898 in
292 2840 376 2918 pelu-
418 2838 468 2901 De
507 2837 608 2907 Vride.
659 2838 711 2899 De
740 2841 841 2918 olpmie
860 2818 1037 2901 duodecim.
1081 2835 1188 2918 Atque
1214 2837 1265 2900 iric
1291 2837 1345 2899 inis

113 2945 159 3003 est
181 2941 300 3001 codicis.
978 3008 979 3012 Ἰ

179 3043 257 3106 Sunt
274 3049 425 3123 praetcrea
446 3046 475 3105 iu
505 3044 609 3128 Museo
622 3043 813 3127 Britannico,
843 3047 873 3105 ut
895 3046 983 3104 reteri
1005 3044 1153 3105 lussenus
1164 3087 1176 3121 ,
1200 3044 1282 3107 multi
1302 3062 1344 3106 ce

113 3148 194 3221 dices
216 3167 268 3208 ms.
293 3146 466 3226 virgiliani,
499 3149 574 3208 inter
591 3166 674 3228 ,quos
696 3140 822 3224 insignis
852 3159 940 3223 unus,
975 3149 1002 3207 in
1031 3166 1087 3227 quo
1115 3149 1202 3208 etiarn
1235 3151 1345 3210 curmim

113 3250 231 3328 Virgilii
255 3253 377 3328 minore,
407 3253 473 3314 Cot.
496 3252 607 3313 Hurlei.
631 3253 777 3313 Mouusor.
800 3253 857 3313 No.
882 3254 976 3312 2534.
999 3256 1107 3312 utnon
1130 3255 1232 3314 insunt
1257 3255 1343 3315 lliror.

112 3373 205 3437 neque
226 3356 300 3418 ellus
322 3356 361 3417 tit
384 3354 515 3418 Lusseuo
538 3375 577 3420 se,
594 3355 712 3432 obtulit,
746 3355 775 3415 in
798 3364 861 3436 quo‘
876 3355 965 3416 Dirae
988 3359 1100 3432 essent,
1123 3362 1245 3432 praeter
1268 3357 1344 3430 lunc,

112 3478 192 3540 quem
215 3461 369 3541 descripsi.
421 3461 476 3522 list
504 3464 608 3520 outem’
627 3458 711 3523 hunius
737 3461 829 3520 nostri
858 3446 1015 3535 singularis
1037 3459 1176 3539 quaedam
1199 3461 1343 3523 similitudo

112 3580 172 3624 cum
195 3564 332 3644 Aldinis',
356 3585 387 3626 v.
410 3568 462 3626 28.
485 3581 553 3634 eoru¹
568 3564 699 3624 Parisino
722 3561 777 3624 lv.
800 3568 830 3624 et
851 3562 1002 3641 Medioeo,
1026 3583 1056 3623 v.
1083 3568 1153 3623 lli.
1182 3569 1256 3626 loe.

175 3785 343 3863 Lugdunum
371 3787 543 3848 Batavorum
566 3790 597 3848 ut
618 3788 773 3849 sanctitate
795 3786 851 3848 loci
873 3786 1024 3847 memoriae
1047 3806 1126 3848 meae
1150 3808 1185 3850 se
1208 3790 1302 3852 infixit
1320 3790 1341 3848 in

109 3893 296 3969 perpetuum,
319 3890 501 3973 aemulosque
524 3891 657 3972 untiquoe
680 3879 772 3972 lundis
795 3892 875 3952 viros
897 3891 1017 3966 doctos,
1036 3881 1218 3972 supraquam
1234 3911 1341 3974 sperare

109 3996 255 4072 poteram,
285 4009 396 4072 comes,
427 3995 592 4068 officiosos,
623 3992 783 4054 benevolos
811 3994 877 4054 milri
907 3995 1050 4071 ostendit,
1083 3994 1123 4055 ita
1154 3998 1232 4076 quod
1263 3996 1341 4057 lllron
1384 4002 1389 4009 “

109 4095 236 4175 scriptos
258 4097 376 4171 uttlnet,
406 4115 486 4174 spem
508 4116 599 4157 oneum
622 4095 724 4157 fefellit
745 4097 958 4178 quodammodo.
1002 4097 1072 4158 Non
1092 4099 1167 4178 quod
1191 4100 1264 4161 nihil
1286 4099 1341 4160 inde

108 4199 178 4260 honi
200 4217 234 4259 uc
257 4201 324 4259 novi
346 4198 510 4260 retulerim:
533 4199 620 4261 habui
643 4200 810 4277 utilissime,
836 4184 908 4282 quere
931 4203 983 4261 inru
1000 4205 1218 4263 commemoravi
1233 4205 1340 4283 portin,

108 4304 210 4382 partim
242 4309 509 4364 'comunemoruturus
539 4324 610 4364 sum.
663 4306 705 4367 nt
738 4305 868 4372 Dirorum
898 4305 1022 4366 codicem
1052 4304 1208 4386 scriptum,
1237 4311 1341 4387 praeter

109 4423 189 4482 eum,
214 4425 296 4487 quiem
319 4405 492 4468 Vossianum
513 4406 553 4469 11.
583 4407 718 4488 appello,
740 4426 796 4469 uon
819 4426 922 4484 magna
945 4407 1067 4471 utilitate
1096 4408 1217 4488 librum,
1248 4410 1340 4473 nullum

109 4511 216 4572 iuveni.
261 4509 298 4573 iit
319 4511 386 4593 quid
408 4509 445 4573 do
466 4529 502 4572 eo
523 4511 631 4592 dicum,
654 4512 728 4593 quod
752 4531 788 4574 re
811 4511 877 4585 illos
898 4513 1011 4595 quidem
1025 4514 1160 4594 codices,
1184 4533 1259 4596 qnos
1274 4515 1340 4577 liur-
