2948 4986
118 192 196 267 roc
534 242 537 249 .
559 185 840 254 nrsssnrrmo
860 186 915 253 rr.
954 136 959 145 ‘

120 359 218 438 scula,
248 359 295 424 rol
318 379 357 422 ex
380 358 437 425 aliu
458 377 520 425 oum
537 360 600 425 bac
627 360 761 440 proslme
788 363 937 437 cognata,
965 360 1017 421 rix
1048 360 1165 424 dubium
1194 364 1263 437 est,
1292 349 1367 424 etium

30 546 35 553 ¹
120 477 156 528 eo
167 507 179 541 ,
201 465 277 545 qood
299 480 373 544 quae
394 464 601 543 interpretatus
617 467 671 525 'est
697 463 863 542 opuscula,
897 481 933 525 oo
956 464 1166 543 interpretetus
1188 463 1294 524 ordino
1313 467 1367 537 est,

20 578 24 585 ·
120 584 179 647 qoo
200 565 342 629 collocato
365 567 393 629 in
416 566 546 628 Romarm
567 565 607 627 ΙΙ.
631 565 786 647 leguntur:
812 562 958 642 Culicem,
983 567 1088 638 Diras,
1112 565 1248 646 copam,
1272 567 1324 628 list
1344 571 1369 630 ol

120 668 205 746 Nou,
228 668 328 730 Virum
350 669 469 745 bonum,
493 668 651 746 dolionis,
678 671 840 748 libonotum,
863 671 889 730 in
908 670 1092 733 llleoocnatis
1114 671 1243 740 obitum,
1267 671 1370 748 Cyrim.

121 772 168 836 Dc
192 772 271 833 [liris
294 771 395 832 bruris
418 772 577 850 disputatio
600 777 665 845 est,
698 792 783 854 quum
804 778 835 834 et
857 791 950 854 panca
972 775 1048 850 sint,
1079 792 1154 854 quse
1177 775 1207 834 in
1232 773 1289 834 lroc
1311 792 1371 834 err-

63 878 74 923 -“
120 893 201 953 uren,
224 873 273 936 vol
297 876 394 952 potius
417 876 445 936 in
468 874 541 936 bare
564 877 710 950 carmina,
733 880 938 937 commentatus
961 881 1008 937 est
1030 878 1227 956 Pomponius.
1253 884 1284 937 et
1305 877 1372 948 loci,

120 980 168 1059 qui
191 997 273 1041 usum
295 976 404 1039 babent
427 980 555 1040 oritiomrr
578 979 727 1057 perpauci.
772 979 855 1063 Sunt
870 983 963 1040 nutem
985 978 1035 1041 bi:
1060 988 1142 1040 r.3.
1161 984 1212 1042 13.
1232 984 1286 1040 23.
1308 983 1372 1041 151.

124 1085 196 1145 toi.
223 1083 296 1144 rio.
320 1084 390 1144 rio.
436 1083 514 1147 lntcr
535 1101 609 1163 quos
632 1081 716 1142 locos
738 1084 764 1140 si
787 1084 987 1161 reperiuntur,
1010 1085 1057 1164 qui
1082 1085 1259 1161 scripturam
1280 1082 1373 1143 arul-

121 1190 194 1263 gata
217 1187 428 1264 discrepantem
458 1186 586 1262 babent,
616 1184 800 1262 cogitandum
822 1189 869 1246 est
891 1187 1028 1246 incertum
1051 1204 1136 1260 esse,
1166 1204 1205 1246 an
1237 1186 1373 1247 editiones

123 1287 394 1353 Commentariorum
418 1289 586 1368 Pomponii,
610 1307 727 1369 quarum
748 1289 856 1365 optima
878 1294 925 1351 est
948 1288 1129 1349 Busileonsis
1154 1307 1210 1366 per
1232 1286 1276 1350 lo.
1296 1287 1373 1366 Opo-

121 1393 231 1468 rinum,
253 1393 361 1474 ubique
383 1395 509 1469 genuina
532 1391 682 1470 Pomponii
706 1391 800 1467 ipsius
823 1391 916 1453 rerba
939 1398 1172 1469 repraesentent.
1232 1388 1280 1453 Oi.
1304 1392 1373 1453 Ani-

121 1497 217 1559 madv.
240 1497 280 1559 ad
299 1517 333 1558 v.
357 1488 437 1558 116.Ι
479 1494 587 1558 nonen
608 1484 750 1557 dubitatio
772 1495 809 1554 dc
834 1515 863 1554 v.
888 1501 919 1556 3.
973 1495 1008 1555 bt
1033 1513 1061 1554 r.
1090 1501 1142 1556 23.
1164 1494 1246 1555 aliud
1269 1494 1373 1570 legisse

123 1599 326 1677 Pomponium,
359 1617 441 1679 quam
464 1615 538 1658 nnnc
561 1597 707 1675 reperitur
727 1597 755 1659 in
780 1595 1000 1660 Commentariis
1025 1597 1198 1675 Pomponii,
1234 1596 1374 1672 intelliget

123 1703 171 1782 qui
196 1704 286 1780 ipsam
306 1702 456 1779 Pomponii
487 1700 721 1762 observationem
752 1701 990 1761 consideraverit.
1037 1700 1133 1760 Alicrt
1155 1702 1233 1763 enim
1257 1699 1372 1760 exbala-

123 1805 212 1865 tionis
244 1804 404 1882 exemplum
437 1802 521 1875 illud,
552 1805 588 1864 de
616 1821 673 1884 quo
706 1802 872 1863 Ammianus
902 1802 1034 1862 lilnrcell.
1062 1801 1177 1865 XXlll.
1204 1825 1262 1863 xx.
1292 1802 1373 1863 lulius

125 1904 252 1985 Capitol.
275 1908 303 1968 ln
326 1907 415 1968 moro
439 1907 519 1967 Vero
552 1925 579 1971 o.
601 1928 672 1968 rur.
700 1906 757 1968 etsi
787 1923 849 1966 cum
881 1912 983 1968 neutro
1013 1908 1040 1967 in
1071 1905 1206 1967 omuibus
1237 1907 1373 1968 consentit

125 2009 318 2088 Pomponius,
349 2007 567 2073 etboctradit
590 2010 746 2072 nonsatis
772 2006 946 2085 diligenter,
977 2025 1045 2069 esse
1072 2026 1135 2069 eom
1164 2007 1373 2071 exhalationem

123 2114 226 2175 iactam
249 2118 379 2192 temporo
400 2114 540 2177 Antonini
566 2113 619 2179 Pii.
665 2111 761 2188 Igitur
788 2120 874 2172 terra
895 2111 1017 2187 legebat
1038 2113 1067 2170 in
1099 2110 1200 2189 Diris,
1233 2112 1374 2188 vulgatum

124 2217 174 2279 illa
202 2220 300 2278 aetate
330 2217 476 2293 mendum,
509 2234 583 2291 non,
617 2216 693 2297 quod
723 2232 797 2276 nuno
826 2213 951 2295 legimns
981 2215 1008 2274 in
1033 2210 1260 2276 Commentariis
1280 2215 1374 2289 editis,

125 2328 218 2386 tetro.
261 2318 294 2380 ln
329 2319 431 2382 Colice
460 2323 491 2384 et
523 2317 601 2396 Giri,
632 2321 658 2379 si
688 2319 754 2398 quis
777 2321 889 2380 attente
912 2317 1018 2393 legerit
1041 2315 1273 2379 (iorumrntarios
1296 2318 1374 2379 Porr-

125 2423 222 2501 ponii,
246 2424 362 2501 saepius
385 2441 467 2504 quarn
491 2425 580 2502 primo
604 2422 743 2500 adspectu
767 2426 875 2499 putes,
911 2421 972 2482 erui
994 2440 1101 2500 posse,
1136 2439 1214 2501 quae
1248 2421 1288 2482 illi
1316 2425 1376 2483 anto

126 2525 228 2588 oculos
256 2529 399 2605 scripturo
428 2527 531 2602 luerit,
562 2525 783 2586 animadvortet.
836 2525 909 2600 ligio
938 2524 996 2585 bon
1018 2527 1091 2584 satis
1113 2524 1278 2600 diligenter
1301 2524 1374 2602 llry·

126 2630 208 2704 nius,
238 2628 295 2691 etsi
318 2629 468 2691 aberravit
497 2628 668 2708 aliquoties,
699 2628 763 2688 dum
790 2635 840 2688 aot
862 2622 977 2689 omittit
1001 2627 1126 2708 aliquid,
1156 2631 1209 2688 unt
1243 2627 1376 2690 lectiones

126 2732 241 2808 affingit
264 2731 440 2809 Pomponio,
474 2749 547 2812 quas
570 2729 646 2791 illum
669 2733 736 2791 aule
759 2729 860 2792 oculos
885 2730 1022 2791 imbuisse
1045 2731 1217 2794 incredibile
1242 2735 1308 2808 est,
1335 2733 1377 2793 aut

37 2914 39 2919 .
127 2836 244 2914 propriu
268 2853 336 2895 esse
359 2835 518 2912 Pomponio
541 2836 667 2909 statuit,
695 2852 768 2912 quae
791 2836 947 2893 communia
970 2837 1037 2896 sunt
1058 2835 1223 2912 Pomponio
1247 2853 1309 2896 cum
1330 2852 1376 2895 an-

127 2937 299 3018 tiquissimis
322 2936 440 3013 Virgilii
463 2936 650 2999 editionibus.
695 2935 734 3001 Ut
756 2937 870 2997 ommno
894 2938 1095 3015 imperfectus,
1119 2940 1247 2999 maximo
1266 2937 1376 3010 inGiri,

127 3039 238 3116 Heynii
259 3038 342 3103 labor
364 3044 427 3115 ost,
452 3042 499 3122 qui
522 3039 704 3103 collationem
727 3041 838 3102 codicis
857 3040 1039 3100 Basilecnsls
1062 3039 1211 3121 aliquanto
1236 3060 1290 3118 ea,
1312 3057 1377 3121 quae

128 3140 203 3220 opud
226 3142 456 3205 Friesemannum
483 3148 547 3219 ost,
580 3142 742 3219 meliorem,
773 3142 825 3202 sed
856 3160 893 3203 ne
922 3144 966 3204 sin
996 3143 1111 3222 quidem
1140 3148 1327 3219 accuratam,
1351 3147 1376 3204 rt

128 3245 280 3307 editionem
303 3243 406 3305 mollem
430 3244 558 3308 babebat
586 3245 702 3309 Veneto
726 3248 820 3308 1484.
844 3247 1053 3325 antiquiorem:
1084 3246 1160 3307 undo
1192 3248 1301 3307 iactum
1322 3249 1374 3312 est,

127 3352 160 3411 ut
181 3367 257 3430 quae
280 3346 401 3426 volgato
424 3351 615 3411 vetustiorum
636 3347 772 3411 librorum
795 3349 883 3410 lectio
906 3350 965 3425 sit,
996 3367 1090 3429 neque
1121 3350 1187 3427 ipse
1212 3351 1288 3411 satis
1309 3349 1374 3409 didi-

129 3453 220 3527 oerit,
252 3472 345 3535 neque
368 3452 443 3514 alios
466 3453 542 3513 beno
572 3453 687 3514 doceat.
739 3452 843 3528 selegi
875 3451 957 3512 locus
987 3469 1057 3527 eos,
1089 3454 1136 3534 qui
1167 3453 1238 3515 milri
1267 3453 1374 3514 omniun

128 3558 249 3618 maxime
272 3557 446 3618 videbuntur
468 3555 682 3630 memorabiles,
707 3554 838 3617 exclusis
862 3557 917 3631 iis,
945 3556 1048 3635 quibus
1070 3556 1137 3636 quid
1160 3555 1277 3632 legerit
1300 3558 1374 3618 Pou-

128 3661 252 3737 ponius,
275 3660 385 3720 incerta
405 3661 646 3736 coniecturaest,
669 3662 700 3721 ct
722 3657 855 3719 exclusis
878 3656 956 3734 illis,
980 3658 1084 3739 quibus
1104 3662 1155 3719 aut
1178 3676 1243 3721 oum
1267 3659 1375 3738 vulgott

129 3759 274 3838 scriptura
301 3758 436 3821 librorum
466 3760 625 3840 antiquitus
653 3761 814 3836 editorum,
851 3762 1025 3823 Venetorum
1053 3760 1182 3823 Anbotis
1213 3768 1243 3825 et
1273 3761 1374 3830 Rubri,

130 3862 323 3938 vicentinae,
346 3865 530 3944 codlcunrqne
553 3863 694 3925 Vossianl
712 3863 752 3925 ΙΙ.
775 3868 804 3926 et
827 3865 1028 3941 Basilccnsis,
1052 3866 1190 3926 convenil
1214 3865 1374 3945 Pomponio,

129 3968 181 4027 aut
202 3964 307 4045 quibos
336 3983 408 4046 quae
431 3985 448 4029 n
471 3966 592 4046 vulgata
621 3967 765 4046 scriptura
794 3968 950 4040 recedunt,
985 3967 1177 4029 emendationi
1202 3974 1292 4050 atque
1315 3985 1375 4029 oon·

131 4069 260 4131 iecturae
282 4068 375 4146 ipsius
398 4071 544 4148 Pomponii
577 4070 728 4131 tribuenda
756 4090 824 4133 esse
847 4090 973 4148 conseo,
1004 4073 1086 4133 ouius
1106 4073 1232 4146 generis
1256 4069 1376 4150 exemplo

132 4171 244 4252 aliquot
266 4173 405 4251 proposui
429 4172 528 4232 ludioe
552 4172 720 4235 Scholarnm
732 4175 880 4236 Bonnens.
904 4175 1014 4236 hibern.
1038 4193 1066 4235 e.
1092 4177 1186 4235 1826.
1245 4173 1313 4238 cul.
1335 4179 1375 4235 13.

136 4276 313 4354 Pomponius
337 4276 473 4338 Graecia
495 4295 554 4338 uon
575 4279 690 4354 timuit3
713 4279 785 4353 moi,
808 4281 864 4339 tam
887 4277 988 4356 scripti
1012 4295 1095 4359 quam
1117 4278 1279 4359 antiquitus
1302 4277 1375 4350 editi,

101 4382 107 4392 “
133 4380 236 4440 cuncti
257 4398 323 4438 oum
344 4387 368 4438 t.
414 4381 466 4438 id.
488 4379 604 4442 Tmolia
627 4385 658 4442 ut
679 4381 707 4442 in
730 4381 796 4442 cod.
819 4378 910 4443 Basil.
931 4380 1006 4442 undo
1032 4380 1149 4443 Tmolia
1173 4383 1264 4443 etium
1288 4381 1375 4444 runo

133 4481 225 4543 manis
248 4497 334 4559 osse,
362 4479 465 4545 saltem
495 4481 523 4543 in
545 4479 677 4548 nouum
697 4483 844 4562 secunda,
870 4483 1004 4548 ooniloio.
1047 4483 1149 4566 Atque
1179 4485 1225 4552 lis
1246 4486 1280 4551 iu
1300 4483 1376 4553 lllrtl
