<?xml version="1.0" encoding="UTF-8"?>
<!DOCTYPE html PUBLIC "-//W3C//DTD XHTML 1.0 Transitional//EN"
    "http://www.w3.org/TR/xhtml1/DTD/xhtml1-transitional.dtd">
<html xmlns="http://www.w3.org/1999/xhtml" xml:lang="en" lang="en">
 <head>
  <title>
</title>
<meta http-equiv="Content-Type" content="text/html;charset=utf-8" />
  <meta name='ocr-system' content='tesseract 3.04.00' />
  <meta name='ocr-capabilities' content='ocr_page ocr_carea ocr_par ocr_line ocrx_word'/>
</head>
<body>
  <div class='ocr_page' id='page_1' title='image "./carminavaleriic00catogoog_0414.png"; bbox 0 0 2948 4986; ppageno 0'>
   <div class='ocr_carea' id='block_1_1' title="bbox 215 188 1370 302">
    <p class='ocr_par' dir='ltr' id='par_1_1' title="bbox 215 188 1370 302">
     <span class='ocr_line' id='line_1_1' title="bbox 215 188 1370 302; baseline 0.025 -53"><span class='ocrx_word' id='word_1_1' title='bbox 215 188 223 226; x_wconf 74' lang='lat'>⁸</span> <span class='ocrx_word' id='word_1_2' title='bbox 456 234 464 249; x_wconf 51' lang='grc' dir='ltr'><strong>ι</strong></span> <span class='ocrx_word' id='word_1_3' title='bbox 513 193 716 267; x_wconf 73' lang='lat' dir='ltr'><strong><em>enuntiato</em></strong></span> <span class='ocrx_word' id='word_1_4' title='bbox 741 195 966 302; x_wconf 73' lang='lat' dir='ltr'><strong><em>uenenum</em></strong></span> <span class='ocrx_word' id='word_1_5' title='bbox 1289 206 1370 278; x_wconf 69' lang='grc'><strong><em>897</em></strong></span> 
     </span>
    </p>
   </div>
   <div class='ocr_carea' id='block_1_2' title="bbox 105 364 1380 4578">
    <p class='ocr_par' dir='ltr' id='par_1_2' title="bbox 105 364 1380 4578">
     <span class='ocr_line' id='line_1_2' title="bbox 107 364 1368 456; baseline 0.006 -27"><span class='ocrx_word' id='word_1_6' title='bbox 107 364 206 430; x_wconf 74' lang='lat' dir='ltr'><strong><em>tides.</em></strong></span> <span class='ocrx_word' id='word_1_7' title='bbox 235 386 293 430; x_wconf 83' lang='lat' dir='ltr'><strong><em>aea</em></strong></span> <span class='ocrx_word' id='word_1_8' title='bbox 319 365 360 429; x_wconf 85' lang='lat' dir='ltr'><strong><em>de</em></strong></span> <span class='ocrx_word' id='word_1_9' title='bbox 386 365 542 431; x_wconf 76' lang='lat' dir='ltr'><strong><em>labilitate</em></strong></span> <span class='ocrx_word' id='word_1_10' title='bbox 568 371 634 432; x_wconf 82' lang='lat' dir='ltr'><strong><em>nite</em></strong></span> <span class='ocrx_word' id='word_1_11' title='bbox 653 371 782 435; x_wconf 79' lang='lat' dir='ltr'><strong><em>lancae</em></strong></span> <span class='ocrx_word' id='word_1_12' title='bbox 803 371 847 433; x_wconf 87' lang='lat' dir='ltr'><strong><em>ad</em></strong></span> <span class='ocrx_word' id='word_1_13' title='bbox 867 372 982 434; x_wconf 85' lang='lat' dir='ltr'><strong><em>modam</em></strong></span> <span class='ocrx_word' id='word_1_14' title='bbox 1004 390 1076 434; x_wconf 85' lang='lat' dir='ltr'><strong><em>rore</em></strong></span> <span class='ocrx_word' id='word_1_15' title='bbox 1097 371 1232 456; x_wconf 82' lang='lat' dir='ltr'><strong><em>incipit3</em></strong></span> <span class='ocrx_word' id='word_1_16' title='bbox 1286 373 1368 436; x_wconf 84' lang='lat' dir='ltr'><strong><em>Pal.</em></strong></span> 
     </span>
     <span class='ocr_line' id='line_1_3' title="bbox 107 472 1368 557; baseline 0.003 -23"><span class='ocrx_word' id='word_1_17' title='bbox 107 488 205 539; x_wconf 81' lang='lat' dir='ltr'><strong><em>naara.</em></strong></span> <span class='ocrx_word' id='word_1_18' title='bbox 228 473 452 534; x_wconf 64' lang='lat' dir='ltr'><strong><em>vicinoniam</em></strong></span> <span class='ocrx_word' id='word_1_19' title='bbox 475 472 589 554; x_wconf 79' lang='lat' dir='ltr'><strong><em>Incipit</em></strong></span> <span class='ocrx_word' id='word_1_20' title='bbox 608 473 755 555; x_wconf 76' lang='lat' dir='ltr'><strong><em>feliciter.</em></strong></span> <span class='ocrx_word' id='word_1_21' title='bbox 800 473 863 536; x_wconf 86' lang='lat' dir='ltr'><strong><em>Sub</em></strong></span> <span class='ocrx_word' id='word_1_22' title='bbox 882 475 1021 536; x_wconf 85' lang='lat' dir='ltr'><strong><em>Moneta:</em></strong></span> <span class='ocrx_word' id='word_1_23' title='bbox 1045 474 1185 557; x_wconf 81' lang='lat' dir='ltr'><strong><em>Praeeno</em></strong></span> <span class='ocrx_word' id='word_1_24' title='bbox 1208 474 1368 538; x_wconf 59' lang='lat' dir='ltr'><strong><em>bucolico?</em></strong></span> 
     </span>
     <span class='ocr_line' id='line_1_4' title="bbox 106 571 1367 663; baseline 0.002 -27"><span class='ocrx_word' id='word_1_25' title='bbox 106 571 278 654; x_wconf 59' lang='lat' dir='ltr'><strong><em>georgicor*</em></strong></span> <span class='ocrx_word' id='word_1_26' title='bbox 290 573 315 636; x_wconf 68' lang='lat' dir='ltr'><strong><em>e&#39;</em></strong></span> <span class='ocrx_word' id='word_1_27' title='bbox 329 573 485 658; x_wconf 62' lang='lat' dir='ltr'><strong><em>perarida*</em></strong></span> <span class='ocrx_word' id='word_1_28' title='bbox 505 574 699 663; x_wconf 73' lang='lat' dir='ltr'><strong><em>tractatulor&#39;</em></strong></span> <span class='ocrx_word' id='word_1_29' title='bbox 712 576 768 660; x_wconf 82' lang='lat' dir='ltr'><strong><em>op⁹</em></strong></span> <span class='ocrx_word' id='word_1_30' title='bbox 784 581 906 658; x_wconf 84' lang='lat' dir='ltr'><strong><em>insipnc</em></strong></span> <span class='ocrx_word' id='word_1_31' title='bbox 924 581 1044 659; x_wconf 77' lang='lat' dir='ltr'><strong><em>cirpilii</em></strong></span> <span class='ocrx_word' id='word_1_32' title='bbox 1059 576 1179 660; x_wconf 55' lang='lat' dir='ltr'><strong><em>poetar*</em></strong></span> <span class='ocrx_word' id='word_1_33' title='bbox 1195 583 1367 662; x_wconf 81' lang='lat' dir='ltr'><strong><em>principis:</em></strong></span> 
     </span>
     <span class='ocr_line' id='line_1_5' title="bbox 107 676 1369 762; baseline 0.005 -22"><span class='ocrx_word' id='word_1_34' title='bbox 107 676 234 740; x_wconf 79' lang='lat' dir='ltr'><strong><em>Iudaeo</em></strong></span> <span class='ocrx_word' id='word_1_35' title='bbox 269 678 308 741; x_wconf 86' lang='lat' dir='ltr'><strong><em>de</em></strong></span> <span class='ocrx_word' id='word_1_36' title='bbox 333 679 526 761; x_wconf 81' lang='lat' dir='ltr'><strong><em>paderborne</em></strong></span> <span class='ocrx_word' id='word_1_37' title='bbox 546 677 578 741; x_wconf 74' lang='grc' dir='ltr'><strong><em>ἶ·</em></strong></span> <span class='ocrx_word' id='word_1_38' title='bbox 593 681 771 762; x_wconf 73' lang='lat' dir='ltr'><em>westfalia</em></span> <span class='ocrx_word' id='word_1_39' title='bbox 798 683 881 743; x_wconf 88' lang='lat' dir='ltr'><strong><em>alma</em></strong></span> <span class='ocrx_word' id='word_1_40' title='bbox 909 685 941 743; x_wconf 90' lang='lat' dir='ltr'><strong><em>in</em></strong></span> <span class='ocrx_word' id='word_1_41' title='bbox 964 685 1172 744; x_wconf 76' lang='lat' dir='ltr'><strong><em>uniuersitate</em></strong></span> <span class='ocrx_word' id='word_1_42' title='bbox 1194 682 1369 746; x_wconf 81' lang='lat' dir='ltr'><strong><em>loaanienei</em></strong></span> 
     </span>
     <span class='ocr_line' id='line_1_6' title="bbox 107 782 1368 871; baseline 0.003 -28"><span class='ocrx_word' id='word_1_43' title='bbox 107 782 254 843; x_wconf 80' lang='lat' dir='ltr'><strong><em>recidens</em></strong></span> <span class='ocrx_word' id='word_1_44' title='bbox 277 801 334 842; x_wconf 83' lang='lat' dir='ltr'><strong><em>sao</em></strong></span> <span class='ocrx_word' id='word_1_45' title='bbox 355 784 448 863; x_wconf 86' lang='lat' dir='ltr'><strong><em>pprio</em></strong></span> <span class='ocrx_word' id='word_1_46' title='bbox 471 787 560 863; x_wconf 79' lang='lat' dir='ltr'><strong><em>aipno</em></strong></span> <span class='ocrx_word' id='word_1_47' title='bbox 587 785 761 868; x_wconf 74' lang='lat' dir='ltr'><strong><em>ofipnnrtdo</em></strong></span> <span class='ocrx_word' id='word_1_48' title='bbox 789 786 927 865; x_wconf 73' lang='lat' dir='ltr'><strong><em>feliciter</em></strong></span> <span class='ocrx_word' id='word_1_49' title='bbox 947 784 1128 871; x_wconf 78' lang='lat' dir='ltr'><strong><em>asummaait</em></strong></span> <span class='ocrx_word' id='word_1_50' title='bbox 1148 786 1238 847; x_wconf 90' lang='lat' dir='ltr'><strong><em>Anno</em></strong></span> <span class='ocrx_word' id='word_1_51' title='bbox 1261 790 1368 848; x_wconf 88' lang='lat' dir='ltr'><strong><em>innar-</em></strong></span> 
     </span>
     <span class='ocr_line' id='line_1_7' title="bbox 106 884 1367 952; baseline 0.002 -6"><span class='ocrx_word' id='word_1_52' title='bbox 106 888 249 947; x_wconf 86' lang='lat' dir='ltr'><strong><em>rrationie</em></strong></span> <span class='ocrx_word' id='word_1_53' title='bbox 270 885 426 947; x_wconf 84' lang='lat' dir='ltr'><strong><em>dominice.</em></strong></span> <span class='ocrx_word' id='word_1_54' title='bbox 451 887 492 947; x_wconf 86' lang='lat' dir='ltr'><strong><em>tit.</em></strong></span> <span class='ocrx_word' id='word_1_55' title='bbox 506 909 590 946; x_wconf 88' lang='lat' dir='ltr'><strong><em>cccc.</em></strong></span> <span class='ocrx_word' id='word_1_56' title='bbox 603 886 691 947; x_wconf 78' lang='lat' dir='ltr'><strong><em>lxxv.</em></strong></span> <span class='ocrx_word' id='word_1_57' title='bbox 720 884 822 949; x_wconf 65' lang='lat' dir='ltr'><strong><em>misia</em></strong></span> <span class='ocrx_word' id='word_1_58' title='bbox 852 888 1024 949; x_wconf 83' lang='lat' dir='ltr'><strong><em>nonemlris</em></strong></span> <span class='ocrx_word' id='word_1_59' title='bbox 1051 888 1103 950; x_wconf 78' lang='lat' dir='ltr'><strong><em>tie</em></strong></span> <span class='ocrx_word' id='word_1_60' title='bbox 1125 891 1367 952; x_wconf 85' lang='lat' dir='ltr'><strong><em>aiceeirnarmna.</em></strong></span> 
     </span>
     <span class='ocr_line' id='line_1_8' title="bbox 107 973 1368 1071; baseline 0.001 -20"><span class='ocrx_word' id='word_1_61' title='bbox 107 987 252 1051; x_wconf 75' lang='lat' dir='ltr'><strong><em>Additum</em></strong></span> <span class='ocrx_word' id='word_1_62' title='bbox 275 994 322 1048; x_wconf 87' lang='lat' dir='ltr'><strong><em>est</em></strong></span> <span class='ocrx_word' id='word_1_63' title='bbox 344 990 470 1064; x_wconf 82' lang='lat' dir='ltr'><strong><em>signum.</em></strong></span> <span class='ocrx_word' id='word_1_64' title='bbox 516 991 553 1051; x_wconf 81' lang='lat' dir='ltr'><strong><em>nt</em></strong></span> <span class='ocrx_word' id='word_1_65' title='bbox 576 991 603 1049; x_wconf 88' lang='lat' dir='ltr'><strong><em>in</em></strong></span> <span class='ocrx_word' id='word_1_66' title='bbox 627 989 698 1050; x_wconf 87' lang='lat' dir='ltr'><strong><em>folio</em></strong></span> <span class='ocrx_word' id='word_1_67' title='bbox 721 973 810 1051; x_wconf 79' lang='lat' dir='ltr'><strong><em>verso</em></strong></span> <span class='ocrx_word' id='word_1_68' title='bbox 835 991 924 1052; x_wconf 88' lang='lat' dir='ltr'><strong><em>index</em></strong></span> <span class='ocrx_word' id='word_1_69' title='bbox 947 993 1050 1070; x_wconf 89' lang='lat' dir='ltr'><strong><em>partim</em></strong></span> <span class='ocrx_word' id='word_1_70' title='bbox 1067 986 1243 1065; x_wconf 87' lang='lat' dir='ltr'><strong><em>erratorum,</em></strong></span> <span class='ocrx_word' id='word_1_71' title='bbox 1264 994 1368 1071; x_wconf 90' lang='lat' dir='ltr'><strong><em>partim</em></strong></span> 
     </span>
     <span class='ocr_line' id='line_1_9' title="bbox 106 1090 1366 1173; baseline 0.002 -21"><span class='ocrx_word' id='word_1_72' title='bbox 106 1090 329 1164; x_wconf 79' lang='lat' dir='ltr'><strong><em>diversitatum,</em></strong></span> <span class='ocrx_word' id='word_1_73' title='bbox 358 1110 434 1173; x_wconf 85' lang='lat' dir='ltr'><strong><em>quae</em></strong></span> <span class='ocrx_word' id='word_1_74' title='bbox 457 1092 663 1153; x_wconf 79' lang='lat' dir='ltr'><strong><em>examinandae</em></strong></span> <span class='ocrx_word' id='word_1_75' title='bbox 685 1093 788 1154; x_wconf 83' lang='lat' dir='ltr'><strong><em>lectori</em></strong></span> <span class='ocrx_word' id='word_1_76' title='bbox 813 1102 1021 1173; x_wconf 86' lang='lat' dir='ltr'><strong><em>proponuntur.</em></strong></span> <span class='ocrx_word' id='word_1_77' title='bbox 1067 1095 1155 1156; x_wconf 87' lang='lat' dir='ltr'><strong><em>Parte</em></strong></span> <span class='ocrx_word' id='word_1_78' title='bbox 1178 1094 1270 1157; x_wconf 87' lang='lat' dir='ltr'><strong><em>altera</em></strong></span> <span class='ocrx_word' id='word_1_79' title='bbox 1294 1111 1366 1155; x_wconf 88' lang='lat' dir='ltr'><strong><em>eou-</em></strong></span> 
     </span>
     <span class='ocr_line' id='line_1_10' title="bbox 106 1194 1368 1277; baseline 0 -19"><span class='ocrx_word' id='word_1_80' title='bbox 106 1195 238 1258; x_wconf 80' lang='lat' dir='ltr'><strong><em>tlneutor</em></strong></span> <span class='ocrx_word' id='word_1_81' title='bbox 259 1195 407 1255; x_wconf 86' lang='lat' dir='ltr'><strong><em>duodecim</em></strong></span> <span class='ocrx_word' id='word_1_82' title='bbox 429 1195 548 1258; x_wconf 85' lang='lat' dir='ltr'><strong><em>eneidie</em></strong></span> <span class='ocrx_word' id='word_1_83' title='bbox 568 1195 615 1257; x_wconf 88' lang='lat' dir='ltr'><strong><em>vel</em></strong></span> <span class='ocrx_word' id='word_1_84' title='bbox 631 1194 767 1259; x_wconf 84' lang='lat' dir='ltr'><strong><em>eneidam</em></strong></span> <span class='ocrx_word' id='word_1_85' title='bbox 786 1197 861 1258; x_wconf 88' lang='lat' dir='ltr'><strong><em>libri.</em></strong></span> <span class='ocrx_word' id='word_1_86' title='bbox 907 1198 1107 1277; x_wconf 85' lang='lat' dir='ltr'><strong><em>Praepositum</em></strong></span> <span class='ocrx_word' id='word_1_87' title='bbox 1122 1203 1168 1260; x_wconf 91' lang='lat' dir='ltr'><strong><em>est</em></strong></span> <span class='ocrx_word' id='word_1_88' title='bbox 1185 1196 1260 1259; x_wconf 87' lang='lat' dir='ltr'><strong><em>libro</em></strong></span> <span class='ocrx_word' id='word_1_89' title='bbox 1276 1199 1368 1277; x_wconf 90' lang='lat' dir='ltr'><strong><em>primo</em></strong></span> 
     </span>
     <span class='ocr_line' id='line_1_11' title="bbox 106 1295 1367 1383; baseline 0.002 -23"><span class='ocrx_word' id='word_1_90' title='bbox 106 1295 292 1378; x_wconf 66' lang='lat' dir='ltr'><strong><em>Arpumdti</em></strong></span> <span class='ocrx_word' id='word_1_91' title='bbox 314 1298 411 1361; x_wconf 85' lang='lat' dir='ltr'><strong><em>cnidii</em></strong></span> <span class='ocrx_word' id='word_1_92' title='bbox 432 1303 563 1360; x_wconf 82' lang='lat' dir='ltr'><strong><em>nasonia</em></strong></span> <span class='ocrx_word' id='word_1_93' title='bbox 586 1302 616 1359; x_wconf 92' lang='lat' dir='ltr'><strong><em>in</em></strong></span> <span class='ocrx_word' id='word_1_94' title='bbox 639 1300 736 1362; x_wconf 70' lang='lat' dir='ltr'><strong><em>literas</em></strong></span> <span class='ocrx_word' id='word_1_95' title='bbox 758 1300 875 1363; x_wconf 68' lang='lat' dir='ltr'><strong><em>eneiela</em></strong></span> <span class='ocrx_word' id='word_1_96' title='bbox 897 1303 1038 1382; x_wconf 81' lang='lat' dir='ltr'><strong><em>oirpilii3</em></strong></span> <span class='ocrx_word' id='word_1_97' title='bbox 1072 1300 1140 1362; x_wconf 89' lang='lat' dir='ltr'><strong><em>iilud</em></strong></span> <span class='ocrx_word' id='word_1_98' title='bbox 1169 1302 1245 1383; x_wconf 85' lang='lat' dir='ltr'><strong><em>quod</em></strong></span> <span class='ocrx_word' id='word_1_99' title='bbox 1269 1306 1316 1363; x_wconf 90' lang='lat' dir='ltr'><strong><em>est</em></strong></span> <span class='ocrx_word' id='word_1_100' title='bbox 1338 1303 1367 1362; x_wconf 91' lang='lat' dir='ltr'><strong><em>io</em></strong></span> 
     </span>
     <span class='ocr_line' id='line_1_12' title="bbox 107 1399 1380 1483; baseline 0 -19"><span class='ocrx_word' id='word_1_101' title='bbox 107 1399 233 1464; x_wconf 80' lang='lat' dir='ltr'><strong><em>Antinoi.</em></strong></span> <span class='ocrx_word' id='word_1_102' title='bbox 257 1400 320 1461; x_wconf 81' lang='lat' dir='ltr'><strong><em>Lnt.</em></strong></span> <span class='ocrx_word' id='word_1_103' title='bbox 346 1401 497 1463; x_wconf 77' lang='lat' dir='ltr'><strong><em>Burmanni</em></strong></span> <span class='ocrx_word' id='word_1_104' title='bbox 522 1401 570 1461; x_wconf 89' lang='lat' dir='ltr'><strong><em>tib.</em></strong></span> <span class='ocrx_word' id='word_1_105' title='bbox 587 1401 626 1463; x_wconf 89' lang='lat' dir='ltr'><strong><em>li.</em></strong></span> <span class='ocrx_word' id='word_1_106' title='bbox 645 1423 754 1483; x_wconf 74' lang='lat' dir='ltr'><strong><em>orep</em></strong></span> <span class='ocrx_word' id='word_1_107' title='bbox 779 1403 888 1466; x_wconf 85' lang='lat' dir='ltr'><strong><em>Ilirnae</em></strong></span> <span class='ocrx_word' id='word_1_108' title='bbox 911 1406 1002 1466; x_wconf 81' lang='lat' dir='ltr'><strong><em>latet</em></strong></span> <span class='ocrx_word' id='word_1_109' title='bbox 1024 1401 1132 1467; x_wconf 76' lang='lat' dir='ltr'><strong><em>liiied.</em></strong></span> <span class='ocrx_word' id='word_1_110' title='bbox 1151 1409 1209 1466; x_wconf 86' lang='lat' dir='ltr'><strong><em>ete.</em></strong></span> <span class='ocrx_word' id='word_1_111' title='bbox 1253 1403 1380 1483; x_wconf 79' lang='lat' dir='ltr'><strong><em>Deinde</em></strong></span> 
     </span>
     <span class='ocr_line' id='line_1_13' title="bbox 108 1500 1365 1587; baseline 0.003 -22"><span class='ocrx_word' id='word_1_112' title='bbox 108 1504 239 1581; x_wconf 87' lang='lat' dir='ltr'><strong><em>singulis</em></strong></span> <span class='ocrx_word' id='word_1_113' title='bbox 272 1503 356 1565; x_wconf 89' lang='lat' dir='ltr'><strong><em>libris</em></strong></span> <span class='ocrx_word' id='word_1_114' title='bbox 389 1509 558 1580; x_wconf 89' lang='lat' dir='ltr'><strong><em>argumenta</em></strong></span> <span class='ocrx_word' id='word_1_115' title='bbox 587 1500 640 1582; x_wconf 81' lang='lat' dir='ltr'><strong><em>ea,</em></strong></span> <span class='ocrx_word' id='word_1_116' title='bbox 674 1524 747 1587; x_wconf 85' lang='lat' dir='ltr'><strong><em>quae</em></strong></span> <span class='ocrx_word' id='word_1_117' title='bbox 782 1509 959 1570; x_wconf 78' lang='lat' dir='ltr'><strong><em>Burmannus</em></strong></span> <span class='ocrx_word' id='word_1_118' title='bbox 989 1508 1060 1572; x_wconf 83' lang='lat' dir='ltr'><strong><em>ibid.</em></strong></span> <span class='ocrx_word' id='word_1_119' title='bbox 1093 1531 1188 1568; x_wconf 83' lang='lat' dir='ltr'><strong><em>cxcn.</em></strong></span> <span class='ocrx_word' id='word_1_120' title='bbox 1224 1507 1365 1583; x_wconf 84' lang='lat' dir='ltr'><strong><em>exhibet,</em></strong></span> 
     </span>
     <span class='ocr_line' id='line_1_14' title="bbox 105 1599 1367 1692; baseline 0.003 -25"><span class='ocrx_word' id='word_1_121' title='bbox 105 1599 281 1688; x_wconf 78' lang='lat' dir='ltr'><strong><em>&#39;praeposita</em></strong></span> <span class='ocrx_word' id='word_1_122' title='bbox 302 1611 385 1684; x_wconf 81' lang='lat' dir='ltr'><strong><em>sunt,</em></strong></span> <span class='ocrx_word' id='word_1_123' title='bbox 418 1608 471 1668; x_wconf 90' lang='lat' dir='ltr'><strong><em>sed</em></strong></span> <span class='ocrx_word' id='word_1_124' title='bbox 495 1626 611 1688; x_wconf 82' lang='lat' dir='ltr'><strong><em>semper</em></strong></span> <span class='ocrx_word' id='word_1_125' title='bbox 632 1613 719 1671; x_wconf 86' lang='lat' dir='ltr'><strong><em>aucta</em></strong></span> <span class='ocrx_word' id='word_1_126' title='bbox 743 1629 798 1672; x_wconf 94' lang='lat' dir='ltr'><strong><em>uno</em></strong></span> <span class='ocrx_word' id='word_1_127' title='bbox 832 1631 943 1688; x_wconf 84' lang='lat' dir='ltr'><strong><em>versu,</em></strong></span> <span class='ocrx_word' id='word_1_128' title='bbox 972 1613 1036 1672; x_wconf 91' lang='lat' dir='ltr'><strong><em>dum</em></strong></span> <span class='ocrx_word' id='word_1_129' title='bbox 1067 1613 1237 1692; x_wconf 86' lang='lat' dir='ltr'><strong><em>praefigitur</em></strong></span> <span class='ocrx_word' id='word_1_130' title='bbox 1260 1629 1367 1672; x_wconf 87' lang='lat' dir='ltr'><strong><em>versos</em></strong></span> 
     </span>
     <span class='ocr_line' id='line_1_15' title="bbox 107 1708 1368 1794; baseline 0.002 -23"><span class='ocrx_word' id='word_1_131' title='bbox 107 1708 147 1772; x_wconf 81' lang='lat' dir='ltr'><strong><em>ad</em></strong></span> <span class='ocrx_word' id='word_1_132' title='bbox 171 1729 233 1771; x_wconf 90' lang='lat' dir='ltr'><strong><em>eom</em></strong></span> <span class='ocrx_word' id='word_1_133' title='bbox 256 1709 357 1771; x_wconf 80' lang='lat' dir='ltr'><strong><em>tiorum</em></strong></span> <span class='ocrx_word' id='word_1_134' title='bbox 380 1710 530 1790; x_wconf 78' lang='lat' dir='ltr'><strong><em>perimens</em></strong></span> <span class='ocrx_word' id='word_1_135' title='bbox 553 1730 590 1772; x_wconf 87' lang='lat' dir='ltr'><strong><em>ox</em></strong></span> <span class='ocrx_word' id='word_1_136' title='bbox 619 1713 808 1775; x_wconf 80' lang='lat' dir='ltr'><strong><em>monostichis</em></strong></span> <span class='ocrx_word' id='word_1_137' title='bbox 841 1715 915 1794; x_wconf 83' lang='lat' dir='ltr'><strong><em>apud</em></strong></span> <span class='ocrx_word' id='word_1_138' title='bbox 947 1715 1098 1776; x_wconf 88' lang='lat' dir='ltr'><strong><em>Burmann.</em></strong></span> <span class='ocrx_word' id='word_1_139' title='bbox 1122 1712 1142 1774; x_wconf 89' lang='lat' dir='ltr'><strong><em>l.</em></strong></span> <span class='ocrx_word' id='word_1_140' title='bbox 1165 1713 1186 1775; x_wconf 91' lang='grc' dir='ltr'><strong><em>Ι.</em></strong></span> <span class='ocrx_word' id='word_1_141' title='bbox 1211 1736 1294 1773; x_wconf 75' lang='lat' dir='ltr'><strong><em>cxci.</em></strong></span> <span class='ocrx_word' id='word_1_142' title='bbox 1326 1713 1368 1774; x_wconf 88' lang='lat' dir='ltr'><strong><em>ita</em></strong></span> 
     </span>
     <span class='ocr_line' id='line_1_16' title="bbox 109 1813 1367 1898; baseline 0.002 -24"><span class='ocrx_word' id='word_1_143' title='bbox 109 1816 143 1876; x_wconf 75' lang='lat' dir='ltr'><strong><em>ut</em></strong></span> <span class='ocrx_word' id='word_1_144' title='bbox 165 1813 271 1894; x_wconf 73' lang='lat' dir='ltr'><strong><em>ultique</em></strong></span> <span class='ocrx_word' id='word_1_145' title='bbox 293 1832 398 1874; x_wconf 84' lang='lat' dir='ltr'><strong><em>versus</em></strong></span> <span class='ocrx_word' id='word_1_146' title='bbox 421 1816 480 1874; x_wconf 92' lang='lat' dir='ltr'><strong><em>sint</em></strong></span> <span class='ocrx_word' id='word_1_147' title='bbox 503 1815 653 1887; x_wconf 82' lang='lat' dir='ltr'><strong><em>undecim,</em></strong></span> <span class='ocrx_word' id='word_1_148' title='bbox 687 1822 886 1898; x_wconf 82' lang='lat' dir='ltr'><strong><em>praeterquam</em></strong></span> <span class='ocrx_word' id='word_1_149' title='bbox 917 1818 945 1877; x_wconf 95' lang='lat' dir='ltr'><strong><em>in</em></strong></span> <span class='ocrx_word' id='word_1_150' title='bbox 975 1816 1050 1878; x_wconf 89' lang='lat' dir='ltr'><strong><em>libro</em></strong></span> <span class='ocrx_word' id='word_1_151' title='bbox 1081 1818 1184 1887; x_wconf 80' lang='lat' dir='ltr'><strong><em>tertio,</em></strong></span> <span class='ocrx_word' id='word_1_152' title='bbox 1219 1817 1254 1877; x_wconf 89' lang='lat' dir='ltr'><strong><em>ed</em></strong></span> <span class='ocrx_word' id='word_1_153' title='bbox 1283 1833 1367 1898; x_wconf 88' lang='lat' dir='ltr'><strong><em>quem</em></strong></span> 
     </span>
     <span class='ocr_line' id='line_1_17' title="bbox 108 1915 1366 2002; baseline 0.001 -24"><span class='ocrx_word' id='word_1_154' title='bbox 108 1916 211 1979; x_wconf 84' lang='lat' dir='ltr'><strong><em>decem</em></strong></span> <span class='ocrx_word' id='word_1_155' title='bbox 234 1920 340 1978; x_wconf 87' lang='lat' dir='ltr'><strong><em>tantuin</em></strong></span> <span class='ocrx_word' id='word_1_156' title='bbox 363 1915 501 1994; x_wconf 85' lang='lat' dir='ltr'><strong><em>leguntur</em></strong></span> <span class='ocrx_word' id='word_1_157' title='bbox 523 1917 575 1979; x_wconf 81' lang='lat' dir='ltr'><strong><em>ini:</em></strong></span> <span class='ocrx_word' id='word_1_158' title='bbox 597 1939 620 2000; x_wconf 90' lang='lat' dir='ltr'><strong><em>p</em></strong></span> <span class='ocrx_word' id='word_1_159' title='bbox 637 1917 698 1983; x_wconf 87' lang='lat' dir='ltr'><strong><em>Oet</em></strong></span> <span class='ocrx_word' id='word_1_160' title='bbox 715 1939 828 1981; x_wconf 79' lang='lat' dir='ltr'><strong><em>cnecon</em></strong></span> <span class='ocrx_word' id='word_1_161' title='bbox 840 1917 935 2000; x_wconf 60' lang='lat' dir='ltr'><strong><em>frique*</em></strong></span> <span class='ocrx_word' id='word_1_162' title='bbox 952 1940 1050 2000; x_wconf 76' lang='lat' dir='ltr'><strong><em>repna</em></strong></span> <span class='ocrx_word' id='word_1_163' title='bbox 1062 1921 1366 2002; x_wconf 69' lang='lat' dir='ltr'><strong><em>fana—drepanio.</em></strong></span> 
     </span>
     <span class='ocr_line' id='line_1_18' title="bbox 108 2019 1367 2106; baseline -0.002 -23"><span class='ocrx_word' id='word_1_164' title='bbox 108 2021 163 2083; x_wconf 79' lang='lat' dir='ltr'><strong><em>leia</em></strong></span> <span class='ocrx_word' id='word_1_165' title='bbox 185 2020 297 2082; x_wconf 80' lang='lat' dir='ltr'><strong><em>deinde</em></strong></span> <span class='ocrx_word' id='word_1_166' title='bbox 319 2024 445 2106; x_wconf 80' lang='lat' dir='ltr'><strong><em>quieuit.</em></strong></span> <span class='ocrx_word' id='word_1_167' title='bbox 513 2021 589 2083; x_wconf 89' lang='lat' dir='ltr'><strong><em>Sunt</em></strong></span> <span class='ocrx_word' id='word_1_168' title='bbox 618 2025 711 2083; x_wconf 87' lang='lat' dir='ltr'><strong><em>notem</em></strong></span> <span class='ocrx_word' id='word_1_169' title='bbox 738 2019 812 2082; x_wconf 84' lang='lat' dir='ltr'><strong><em>lineo</em></strong></span> <span class='ocrx_word' id='word_1_170' title='bbox 840 2028 1010 2098; x_wconf 86' lang='lat' dir='ltr'><strong><em>argumenta</em></strong></span> <span class='ocrx_word' id='word_1_171' title='bbox 1039 2022 1106 2083; x_wconf 89' lang='lat' dir='ltr'><strong><em>inde</em></strong></span> <span class='ocrx_word' id='word_1_172' title='bbox 1128 2042 1146 2083; x_wconf 88' lang='lat' dir='ltr'><strong><em>a</em></strong></span> <span class='ocrx_word' id='word_1_173' title='bbox 1168 2021 1244 2083; x_wconf 89' lang='lat' dir='ltr'><strong><em>libro</em></strong></span> <span class='ocrx_word' id='word_1_174' title='bbox 1267 2022 1367 2104; x_wconf 89' lang='lat' dir='ltr'><strong><em>quinto</em></strong></span> 
     </span>
     <span class='ocr_line' id='line_1_19' title="bbox 109 2123 1368 2204; baseline 0.001 -18"><span class='ocrx_word' id='word_1_175' title='bbox 109 2123 221 2186; x_wconf 79' lang='lat' dir='ltr'><strong><em>Ouidio</em></strong></span> <span class='ocrx_word' id='word_1_176' title='bbox 245 2125 401 2204; x_wconf 87' lang='lat' dir='ltr'><strong><em>adscripta.</em></strong></span> <span class='ocrx_word' id='word_1_177' title='bbox 445 2123 477 2186; x_wconf 88' lang='lat' dir='ltr'><strong><em>Io</em></strong></span> <span class='ocrx_word' id='word_1_178' title='bbox 501 2125 556 2186; x_wconf 85' lang='lat' dir='ltr'><strong><em>tine</em></strong></span> <span class='ocrx_word' id='word_1_179' title='bbox 573 2124 722 2185; x_wconf 80' lang='lat' dir='ltr'><strong><em>Aeneidos</em></strong></span> <span class='ocrx_word' id='word_1_180' title='bbox 747 2143 851 2186; x_wconf 82' lang='lat' dir='ltr'><strong><em>versus</em></strong></span> <span class='ocrx_word' id='word_1_181' title='bbox 871 2124 996 2201; x_wconf 84' lang='lat' dir='ltr'><strong><em>legitur:</em></strong></span> <span class='ocrx_word' id='word_1_182' title='bbox 1020 2124 1111 2187; x_wconf 78' lang='lat' dir='ltr'><strong><em>Lana</em></strong></span> <span class='ocrx_word' id='word_1_183' title='bbox 1127 2126 1182 2188; x_wconf 87' lang='lat' dir='ltr'><strong><em>tilii</em></strong></span> <span class='ocrx_word' id='word_1_184' title='bbox 1197 2127 1368 2187; x_wconf 81' lang='lat' dir='ltr'><strong><em>eitclriete</em></strong></span> 
     </span>
     <span class='ocr_line' id='line_1_20' title="bbox 108 2227 1366 2310; baseline -0.004 -18"><span class='ocrx_word' id='word_1_185' title='bbox 108 2229 258 2308; x_wconf 65' lang='lat' dir='ltr'><strong><em>virgilias</em></strong></span> <span class='ocrx_word' id='word_1_186' title='bbox 281 2229 410 2310; x_wconf 72' lang='lat' dir='ltr'><strong><em>&#39;explicit</em></strong></span> <span class='ocrx_word' id='word_1_187' title='bbox 432 2232 502 2291; x_wconf 83' lang='lat' dir='ltr'><strong><em>iste.</em></strong></span> <span class='ocrx_word' id='word_1_188' title='bbox 569 2227 641 2289; x_wconf 76' lang='lat' dir='ltr'><strong><em>&#39;l&#39;um</em></strong></span> <span class='ocrx_word' id='word_1_189' title='bbox 665 2227 799 2288; x_wconf 88' lang='lat' dir='ltr'><strong><em>librarius</em></strong></span> <span class='ocrx_word' id='word_1_190' title='bbox 822 2229 882 2290; x_wconf 85' lang='lat' dir='ltr'><strong><em>ita:</em></strong></span> <span class='ocrx_word' id='word_1_191' title='bbox 927 2229 1034 2290; x_wconf 87' lang='lat' dir='ltr'><strong><em>Solent</em></strong></span> <span class='ocrx_word' id='word_1_192' title='bbox 1064 2231 1117 2308; x_wconf 82' lang='lat' dir='ltr'><strong><em>pai</em></strong></span> <span class='ocrx_word' id='word_1_193' title='bbox 1139 2227 1236 2288; x_wconf 81' lang='lat' dir='ltr'><strong><em>tidros</em></strong></span> <span class='ocrx_word' id='word_1_194' title='bbox 1259 2230 1366 2308; x_wconf 87' lang='lat' dir='ltr'><strong><em>inpri-</em></strong></span> 
     </span>
     <span class='ocr_line' id='line_1_21' title="bbox 108 2328 1367 2413; baseline 0.001 -21"><span class='ocrx_word' id='word_1_195' title='bbox 108 2342 193 2393; x_wconf 82' lang='lat' dir='ltr'><strong><em>mant</em></strong></span> <span class='ocrx_word' id='word_1_196' title='bbox 215 2335 337 2394; x_wconf 82' lang='lat' dir='ltr'><strong><em>autoris</em></strong></span> <span class='ocrx_word' id='word_1_197' title='bbox 360 2331 471 2393; x_wconf 82' lang='lat' dir='ltr'><strong><em>landes</em></strong></span> <span class='ocrx_word' id='word_1_198' title='bbox 499 2332 551 2393; x_wconf 87' lang='lat' dir='ltr'><strong><em>ael</em></strong></span> <span class='ocrx_word' id='word_1_199' title='bbox 575 2339 650 2412; x_wconf 84' lang='lat' dir='ltr'><strong><em>poet</em></strong></span> <span class='ocrx_word' id='word_1_200' title='bbox 679 2331 752 2392; x_wconf 84' lang='lat' dir='ltr'><strong><em>lilri</em></strong></span> <span class='ocrx_word' id='word_1_201' title='bbox 782 2332 869 2413; x_wconf 78' lang='lat' dir='ltr'><strong><em>tinem</em></strong></span> <span class='ocrx_word' id='word_1_202' title='bbox 897 2331 949 2396; x_wconf 85' lang='lat' dir='ltr'><strong><em>ael</em></strong></span> <span class='ocrx_word' id='word_1_203' title='bbox 979 2340 1051 2393; x_wconf 89' lang='lat' dir='ltr'><strong><em>ante</em></strong></span> <span class='ocrx_word' id='word_1_204' title='bbox 1081 2328 1179 2394; x_wconf 62' lang='lat' dir='ltr'><strong><em>initia*</em></strong></span> <span class='ocrx_word' id='word_1_205' title='bbox 1200 2332 1367 2393; x_wconf 87' lang='lat' dir='ltr'><strong><em>collocare.</em></strong></span> 
     </span>
     <span class='ocr_line' id='line_1_22' title="bbox 108 2434 1366 2520; baseline -0.001 -23"><span class='ocrx_word' id='word_1_206' title='bbox 108 2435 169 2498; x_wconf 84' lang='lat' dir='ltr'><strong><em>eerl</em></strong></span> <span class='ocrx_word' id='word_1_207' title='bbox 191 2454 256 2496; x_wconf 88' lang='lat' dir='ltr'><strong><em>cnm</em></strong></span> <span class='ocrx_word' id='word_1_208' title='bbox 278 2440 401 2497; x_wconf 86' lang='lat' dir='ltr'><strong><em>uraniam</em></strong></span> <span class='ocrx_word' id='word_1_209' title='bbox 421 2442 579 2517; x_wconf 85' lang='lat' dir='ltr'><strong><em>poetaram</em></strong></span> <span class='ocrx_word' id='word_1_210' title='bbox 607 2434 769 2496; x_wconf 85' lang='lat' dir='ltr'><strong><em>latinorum</em></strong></span> <span class='ocrx_word' id='word_1_211' title='bbox 797 2439 927 2518; x_wconf 84' lang='lat' dir='ltr'><strong><em>optimas</em></strong></span> <span class='ocrx_word' id='word_1_212' title='bbox 957 2446 1063 2496; x_wconf 90' lang='lat' dir='ltr'><strong><em>orator</em></strong></span> <span class='ocrx_word' id='word_1_213' title='bbox 1091 2450 1182 2520; x_wconf 82' lang='lat' dir='ltr'><strong><em>paop3</em></strong></span> <span class='ocrx_word' id='word_1_214' title='bbox 1216 2436 1366 2496; x_wconf 81' lang='lat' dir='ltr'><strong><em>rnacirnae</em></strong></span> 
     </span>
     <span class='ocr_line' id='line_1_23' title="bbox 108 2534 1368 2619; baseline -0.004 -17"><span class='ocrx_word' id='word_1_215' title='bbox 108 2537 263 2602; x_wconf 80' lang='lat' dir='ltr'><strong><em>Publicae</em></strong></span> <span class='ocrx_word' id='word_1_216' title='bbox 286 2537 384 2599; x_wconf 88' lang='lat' dir='ltr'><strong><em>Maro</em></strong></span> <span class='ocrx_word' id='word_1_217' title='bbox 410 2538 561 2618; x_wconf 69' lang='lat' dir='ltr'><strong><em>Uirgilius</em></strong></span> <span class='ocrx_word' id='word_1_218' title='bbox 591 2534 637 2599; x_wconf 60' lang='lat' dir='ltr'><strong><em>no*</em></strong></span> <span class='ocrx_word' id='word_1_219' title='bbox 659 2540 774 2600; x_wconf 84' lang='lat' dir='ltr'><strong><em>iniuria</em></strong></span> <span class='ocrx_word' id='word_1_220' title='bbox 802 2537 843 2599; x_wconf 83' lang='lat' dir='ltr'><strong><em>ad</em></strong></span> <span class='ocrx_word' id='word_1_221' title='bbox 866 2536 1002 2601; x_wconf 80' lang='lat' dir='ltr'><strong><em>omnilue</em></strong></span> <span class='ocrx_word' id='word_1_222' title='bbox 1030 2537 1232 2619; x_wconf 72' lang='lat' dir='ltr'><strong><em>predicetur:</em></strong></span> <span class='ocrx_word' id='word_1_223' title='bbox 1263 2555 1368 2598; x_wconf 88' lang='lat' dir='ltr'><strong><em>curam</em></strong></span> 
     </span>
     <span class='ocr_line' id='line_1_24' title="bbox 106 2640 1367 2724; baseline -0.006 -18"><span class='ocrx_word' id='word_1_224' title='bbox 106 2642 191 2706; x_wconf 75' lang='lat' dir='ltr'><strong><em>tanc</em></strong></span> <span class='ocrx_word' id='word_1_225' title='bbox 211 2644 473 2724; x_wconf 76' lang='lat' dir='ltr'><strong><em>impresentiarum</em></strong></span> <span class='ocrx_word' id='word_1_226' title='bbox 496 2644 623 2715; x_wconf 86' lang='lat' dir='ltr'><strong><em>reiiccre</em></strong></span> <span class='ocrx_word' id='word_1_227' title='bbox 645 2640 835 2721; x_wconf 65' lang='lat' dir='ltr'><strong><em>liptinensi.</em></strong></span> <span class='ocrx_word' id='word_1_228' title='bbox 869 2641 992 2723; x_wconf 77' lang='lat' dir='ltr'><strong><em>suflicit</em></strong></span> <span class='ocrx_word' id='word_1_229' title='bbox 1014 2642 1087 2702; x_wconf 82' lang='lat' dir='ltr'><strong><em>miti</em></strong></span> <span class='ocrx_word' id='word_1_230' title='bbox 1108 2646 1252 2702; x_wconf 82' lang='lat' dir='ltr'><strong><em>maiorum</em></strong></span> <span class='ocrx_word' id='word_1_231' title='bbox 1273 2642 1367 2703; x_wconf 84' lang='lat' dir='ltr'><strong><em>teoti-</em></strong></span> 
     </span>
     <span class='ocr_line' id='line_1_25' title="bbox 107 2741 1367 2825; baseline -0.006 -16"><span class='ocrx_word' id='word_1_232' title='bbox 107 2747 247 2809; x_wconf 80' lang='lat' dir='ltr'><strong><em>maniarn.</em></strong></span> <span class='ocrx_word' id='word_1_233' title='bbox 334 2745 428 2807; x_wconf 83' lang='lat' dir='ltr'><strong><em>Hanc</em></strong></span> <span class='ocrx_word' id='word_1_234' title='bbox 448 2764 505 2825; x_wconf 77' lang='lat' dir='ltr'><strong><em>epo</em></strong></span> <span class='ocrx_word' id='word_1_235' title='bbox 535 2741 656 2807; x_wconf 68' lang='lat' dir='ltr'><strong><em>Ioa&#39;nca</em></strong></span> <span class='ocrx_word' id='word_1_236' title='bbox 680 2746 719 2806; x_wconf 86' lang='lat' dir='ltr'><strong><em>de</em></strong></span> <span class='ocrx_word' id='word_1_237' title='bbox 744 2742 943 2807; x_wconf 81' lang='lat' dir='ltr'><strong><em>Padarirorne</em></strong></span> <span class='ocrx_word' id='word_1_238' title='bbox 971 2746 1003 2803; x_wconf 89' lang='lat' dir='ltr'><strong><em>in</em></strong></span> <span class='ocrx_word' id='word_1_239' title='bbox 1040 2743 1217 2823; x_wconf 81' lang='lat' dir='ltr'><strong><em>Weetfalia</em></strong></span> <span class='ocrx_word' id='word_1_240' title='bbox 1253 2743 1367 2823; x_wconf 79' lang='lat' dir='ltr'><strong><em>tioren-</em></strong></span> 
     </span>
     <span class='ocr_line' id='line_1_26' title="bbox 107 2844 1368 2931; baseline -0.004 -20"><span class='ocrx_word' id='word_1_241' title='bbox 107 2851 235 2911; x_wconf 83' lang='lat' dir='ltr'><strong><em>tieeima</em></strong></span> <span class='ocrx_word' id='word_1_242' title='bbox 257 2853 288 2910; x_wconf 82' lang='lat' dir='ltr'><strong><em>in</em></strong></span> <span class='ocrx_word' id='word_1_243' title='bbox 310 2852 515 2911; x_wconf 84' lang='lat' dir='ltr'><strong><em>aniaereitate</em></strong></span> <span class='ocrx_word' id='word_1_244' title='bbox 536 2850 712 2924; x_wconf 76' lang='lat' dir='ltr'><strong><em>torneiensi</em></strong></span> <span class='ocrx_word' id='word_1_245' title='bbox 733 2848 901 2910; x_wconf 82' lang='lat' dir='ltr'><strong><em>residens:</em></strong></span> <span class='ocrx_word' id='word_1_246' title='bbox 925 2844 1015 2931; x_wconf 70' lang='lat' dir='ltr'><strong><em>p&#39;3aio</em></strong></span> <span class='ocrx_word' id='word_1_247' title='bbox 1038 2866 1096 2908; x_wconf 90' lang='lat' dir='ltr'><strong><em>non</em></strong></span> <span class='ocrx_word' id='word_1_248' title='bbox 1118 2847 1188 2907; x_wconf 84' lang='lat' dir='ltr'><strong><em>miii</em></strong></span> <span class='ocrx_word' id='word_1_249' title='bbox 1203 2847 1307 2908; x_wconf 87' lang='lat' dir='ltr'><strong><em>otilcrn</em></strong></span> <span class='ocrx_word' id='word_1_250' title='bbox 1335 2848 1368 2907; x_wconf 89' lang='lat' dir='ltr'><strong><em>in</em></strong></span> 
     </span>
     <span class='ocr_line' id='line_1_27' title="bbox 107 2949 1367 3033; baseline -0.003 -18"><span class='ocrx_word' id='word_1_251' title='bbox 107 2952 261 3015; x_wconf 84' lang='lat' dir='ltr'><strong><em>volamine</em></strong></span> <span class='ocrx_word' id='word_1_252' title='bbox 282 2972 390 3033; x_wconf 69' lang='lat' dir='ltr'><strong><em>magno</em></strong></span> <span class='ocrx_word' id='word_1_253' title='bbox 412 2949 436 3014; x_wconf 78' lang='grc' dir='ltr'><em>ἰ</em></span> <span class='ocrx_word' id='word_1_254' title='bbox 462 2953 557 3014; x_wconf 84' lang='lat' dir='ltr'><strong><em>malta</em></strong></span> <span class='ocrx_word' id='word_1_255' title='bbox 579 2954 710 3019; x_wconf 83' lang='lat' dir='ltr'><strong><em>materia</em></strong></span> <span class='ocrx_word' id='word_1_256' title='bbox 741 2952 897 3032; x_wconf 79' lang='lat' dir='ltr'><strong><em>dissonam</em></strong></span> <span class='ocrx_word' id='word_1_257' title='bbox 926 2955 1072 3032; x_wconf 82' lang='lat' dir='ltr'><strong><em>impressi</em></strong></span> <span class='ocrx_word' id='word_1_258' title='bbox 1103 2951 1260 3011; x_wconf 80' lang='lat' dir='ltr'><strong><em>maltorum</em></strong></span> <span class='ocrx_word' id='word_1_259' title='bbox 1281 2955 1367 3029; x_wconf 90' lang='lat' dir='ltr'><strong><em>peri-</em></strong></span> 
     </span>
     <span class='ocr_line' id='line_1_28' title="bbox 107 3054 1367 3139; baseline 0 -23"><span class='ocrx_word' id='word_1_260' title='bbox 107 3063 207 3117; x_wconf 86' lang='lat' dir='ltr'><strong><em>torum</em></strong></span> <span class='ocrx_word' id='word_1_261' title='bbox 228 3059 383 3117; x_wconf 85' lang='lat' dir='ltr'><strong><em>instantia</em></strong></span> <span class='ocrx_word' id='word_1_262' title='bbox 404 3059 531 3118; x_wconf 83' lang='lat' dir='ltr'><strong><em>victas:</em></strong></span> <span class='ocrx_word' id='word_1_263' title='bbox 567 3061 620 3139; x_wconf 84' lang='lat' dir='ltr'><strong><em>pai</em></strong></span> <span class='ocrx_word' id='word_1_264' title='bbox 648 3058 697 3116; x_wconf 82' lang='lat' dir='ltr'><strong><em>nic</em></strong></span> <span class='ocrx_word' id='word_1_265' title='bbox 716 3074 773 3137; x_wconf 91' lang='lat' dir='ltr'><strong><em>pro</em></strong></span> <span class='ocrx_word' id='word_1_266' title='bbox 797 3054 980 3138; x_wconf 75' lang='lat' dir='ltr'><strong><em>patinarium</em></strong></span> <span class='ocrx_word' id='word_1_267' title='bbox 1002 3054 1137 3132; x_wconf 79' lang='lat' dir='ltr'><strong><em>plenalia</em></strong></span> <span class='ocrx_word' id='word_1_268' title='bbox 1161 3057 1242 3114; x_wconf 86' lang='lat' dir='ltr'><strong><em>inter</em></strong></span> <span class='ocrx_word' id='word_1_269' title='bbox 1264 3054 1367 3116; x_wconf 84' lang='lat' dir='ltr'><strong><em>tineae</em></strong></span> 
     </span>
     <span class='ocr_line' id='line_1_29' title="bbox 107 3154 1368 3244; baseline -0.004 -23"><span class='ocrx_word' id='word_1_270' title='bbox 107 3155 272 3221; x_wconf 65' lang='lat' dir='ltr'><strong><em>inserentis</em></strong></span> <span class='ocrx_word' id='word_1_271' title='bbox 308 3159 419 3221; x_wconf 85' lang='lat' dir='ltr'><strong><em>saltem</em></strong></span> <span class='ocrx_word' id='word_1_272' title='bbox 444 3159 494 3220; x_wconf 78' lang='lat' dir='ltr'><strong><em>irie</em></strong></span> <span class='ocrx_word' id='word_1_273' title='bbox 525 3164 577 3244; x_wconf 79' lang='lat' dir='ltr'><strong><em>qai</em></strong></span> <span class='ocrx_word' id='word_1_274' title='bbox 599 3158 730 3244; x_wconf 83' lang='lat' dir='ltr'><strong><em>nandum</em></strong></span> <span class='ocrx_word' id='word_1_275' title='bbox 752 3162 783 3219; x_wconf 85' lang='lat' dir='ltr'><strong><em>ia</em></strong></span> <span class='ocrx_word' id='word_1_276' title='bbox 805 3178 839 3220; x_wconf 90' lang='lat' dir='ltr'><strong><em>eo</em></strong></span> <span class='ocrx_word' id='word_1_277' title='bbox 862 3161 980 3220; x_wconf 90' lang='lat' dir='ltr'><strong><em>initiati</em></strong></span> <span class='ocrx_word' id='word_1_278' title='bbox 1002 3154 1078 3219; x_wconf 76' lang='lat' dir='ltr'><strong><em>ertit</em></strong></span> <span class='ocrx_word' id='word_1_279' title='bbox 1100 3177 1178 3239; x_wconf 83' lang='lat' dir='ltr'><strong><em>opas</em></strong></span> <span class='ocrx_word' id='word_1_280' title='bbox 1201 3177 1275 3218; x_wconf 84' lang='lat' dir='ltr'><strong><em>esee</em></strong></span> <span class='ocrx_word' id='word_1_281' title='bbox 1298 3159 1368 3217; x_wconf 88' lang='lat' dir='ltr'><strong><em>aie-</em></strong></span> 
     </span>
     <span class='ocr_line' id='line_1_30' title="bbox 110 3244 1367 3343; baseline -0.002 -19"><span class='ocrx_word' id='word_1_282' title='bbox 110 3261 207 3324; x_wconf 80' lang='lat' dir='ltr'><strong><em>tant:</em></strong></span> <span class='ocrx_word' id='word_1_283' title='bbox 231 3252 291 3323; x_wconf 78' lang='lat' dir='ltr'><strong><em>non</em></strong></span> <span class='ocrx_word' id='word_1_284' title='bbox 300 3279 406 3343; x_wconf 85' lang='lat' dir='ltr'><strong><em>parca</em></strong></span> <span class='ocrx_word' id='word_1_285' title='bbox 419 3261 497 3323; x_wconf 87' lang='lat' dir='ltr'><strong><em>data</em></strong></span> <span class='ocrx_word' id='word_1_286' title='bbox 515 3280 610 3342; x_wconf 88' lang='lat' dir='ltr'><strong><em>opera</em></strong></span> <span class='ocrx_word' id='word_1_287' title='bbox 625 3244 659 3323; x_wconf 70' lang='lat' dir='ltr'><strong><em>alt</em></strong></span> <span class='ocrx_word' id='word_1_288' title='bbox 679 3281 742 3322; x_wconf 86' lang='lat' dir='ltr'><strong><em>enm</em></strong></span> <span class='ocrx_word' id='word_1_289' title='bbox 761 3261 836 3322; x_wconf 85' lang='lat' dir='ltr'><strong><em>aliie</em></strong></span> <span class='ocrx_word' id='word_1_290' title='bbox 854 3257 1073 3322; x_wconf 69' lang='lat' dir='ltr'><strong><em>emedatiorern</em></strong></span> <span class='ocrx_word' id='word_1_291' title='bbox 1086 3257 1110 3321; x_wconf 62' lang='lat' dir='ltr'><strong><em>e*</em></strong></span> <span class='ocrx_word' id='word_1_292' title='bbox 1121 3261 1229 3321; x_wconf 85' lang='lat' dir='ltr'><strong><em>melias</em></strong></span> <span class='ocrx_word' id='word_1_293' title='bbox 1239 3262 1367 3340; x_wconf 85' lang='lat' dir='ltr'><strong><em>panetio</em></strong></span> 
     </span>
     <span class='ocr_line' id='line_1_31' title="bbox 108 3358 1368 3445; baseline -0.006 -18"><span class='ocrx_word' id='word_1_294' title='bbox 108 3365 288 3427; x_wconf 76' lang='lat' dir='ltr'><strong><em>diminorum</em></strong></span> <span class='ocrx_word' id='word_1_295' title='bbox 314 3361 459 3426; x_wconf 66' lang='lat' dir='ltr'><strong><em>reddere.</em></strong></span> <span class='ocrx_word' id='word_1_296' title='bbox 516 3365 648 3425; x_wconf 81' lang='lat' dir='ltr'><strong><em>Finitnnr</em></strong></span> <span class='ocrx_word' id='word_1_297' title='bbox 676 3367 755 3445; x_wconf 55' lang='lat' dir='ltr'><strong><em>itata</em></strong></span> <span class='ocrx_word' id='word_1_298' title='bbox 782 3372 832 3424; x_wconf 85' lang='lat' dir='ltr'><strong><em>est</em></strong></span> <span class='ocrx_word' id='word_1_299' title='bbox 859 3382 937 3442; x_wconf 84' lang='lat' dir='ltr'><strong><em>opas</em></strong></span> <span class='ocrx_word' id='word_1_300' title='bbox 969 3362 1056 3423; x_wconf 82' lang='lat' dir='ltr'><strong><em>istud</em></strong></span> <span class='ocrx_word' id='word_1_301' title='bbox 1081 3381 1138 3441; x_wconf 88' lang='lat' dir='ltr'><strong><em>per</em></strong></span> <span class='ocrx_word' id='word_1_302' title='bbox 1164 3382 1210 3423; x_wconf 89' lang='lat' dir='ltr'><strong><em>me</em></strong></span> <span class='ocrx_word' id='word_1_303' title='bbox 1237 3358 1368 3421; x_wconf 76' lang='lat' dir='ltr'><strong><em>Iocinem</em></strong></span> 
     </span>
     <span class='ocr_line' id='line_1_32' title="bbox 105 3463 1367 3552; baseline -0.006 -23"><span class='ocrx_word' id='word_1_304' title='bbox 105 3476 302 3552; x_wconf 73' lang='lat' dir='ltr'><strong><em>prenotatam</em></strong></span> <span class='ocrx_word' id='word_1_305' title='bbox 323 3487 386 3529; x_wconf 86' lang='lat' dir='ltr'><strong><em>meo</em></strong></span> <span class='ocrx_word' id='word_1_306' title='bbox 408 3468 502 3529; x_wconf 86' lang='lat' dir='ltr'><strong><em>solito</em></strong></span> <span class='ocrx_word' id='word_1_307' title='bbox 525 3471 614 3547; x_wconf 78' lang='lat' dir='ltr'><strong><em>aipno</em></strong></span> <span class='ocrx_word' id='word_1_308' title='bbox 646 3466 858 3544; x_wconf 82' lang='lat' dir='ltr'><strong><em>coneipnando</em></strong></span> <span class='ocrx_word' id='word_1_309' title='bbox 898 3484 978 3525; x_wconf 89' lang='lat' dir='ltr'><strong><em>anno</em></strong></span> <span class='ocrx_word' id='word_1_310' title='bbox 1000 3463 1040 3525; x_wconf 82' lang='lat' dir='ltr'><strong><em>ai</em></strong></span> <span class='ocrx_word' id='word_1_311' title='bbox 1074 3466 1286 3525; x_wconf 84' lang='lat' dir='ltr'><strong><em>incarnatione</em></strong></span> <span class='ocrx_word' id='word_1_312' title='bbox 1309 3463 1367 3523; x_wconf 85' lang='lat' dir='ltr'><strong><em>do-</em></strong></span> 
     </span>
     <span class='ocr_line' id='line_1_33' title="bbox 106 3566 1365 3652; baseline -0.007 -18"><span class='ocrx_word' id='word_1_313' title='bbox 106 3575 222 3634; x_wconf 70' lang='lat' dir='ltr'><strong><em>ninica</em></strong></span> <span class='ocrx_word' id='word_1_314' title='bbox 250 3573 409 3634; x_wconf 85' lang='lat' dir='ltr'><strong><em>millesimo</em></strong></span> <span class='ocrx_word' id='word_1_315' title='bbox 440 3572 739 3652; x_wconf 66' lang='lat' dir='ltr'><strong><em>quadringentesimo</em></strong></span> <span class='ocrx_word' id='word_1_316' title='bbox 769 3569 1084 3650; x_wconf 69' lang='lat' dir='ltr'><strong><em>septuagesimosecto</em></strong></span> <span class='ocrx_word' id='word_1_317' title='bbox 1111 3572 1226 3629; x_wconf 80' lang='lat' dir='ltr'><strong><em>mannis</em></strong></span> <span class='ocrx_word' id='word_1_318' title='bbox 1250 3566 1365 3646; x_wconf 86' lang='lat' dir='ltr'><strong><em>aprilie</em></strong></span> 
     </span>
     <span class='ocr_line' id='line_1_34' title="bbox 108 3668 1366 3752; baseline -0.006 -14"><span class='ocrx_word' id='word_1_319' title='bbox 108 3674 164 3738; x_wconf 80' lang='lat' dir='ltr'><strong><em>elie</em></strong></span> <span class='ocrx_word' id='word_1_320' title='bbox 190 3680 316 3737; x_wconf 82' lang='lat' dir='ltr'><strong><em>octana.</em></strong></span> <span class='ocrx_word' id='word_1_321' title='bbox 366 3673 535 3736; x_wconf 83' lang='lat' dir='ltr'><strong><em>Subiectum</em></strong></span> <span class='ocrx_word' id='word_1_322' title='bbox 571 3676 618 3733; x_wconf 88' lang='lat' dir='ltr'><strong><em>est</em></strong></span> <span class='ocrx_word' id='word_1_323' title='bbox 647 3673 771 3748; x_wconf 88' lang='lat' dir='ltr'><strong><em>signum.</em></strong></span> <span class='ocrx_word' id='word_1_324' title='bbox 827 3671 961 3752; x_wconf 85' lang='lat' dir='ltr'><strong><em>Denique</em></strong></span> <span class='ocrx_word' id='word_1_325' title='bbox 988 3670 1100 3731; x_wconf 87' lang='lat' dir='ltr'><strong><em>duabus</em></strong></span> <span class='ocrx_word' id='word_1_326' title='bbox 1129 3668 1248 3749; x_wconf 79' lang='lat' dir='ltr'><strong><em>paginis</em></strong></span> <span class='ocrx_word' id='word_1_327' title='bbox 1279 3669 1366 3730; x_wconf 84' lang='lat' dir='ltr'><strong><em>index</em></strong></span> 
     </span>
     <span class='ocr_line' id='line_1_35' title="bbox 108 3773 1366 3858; baseline -0.006 -19"><span class='ocrx_word' id='word_1_328' title='bbox 108 3782 289 3854; x_wconf 63' lang='lat' dir='ltr'><strong><em>erratorom4</em></strong></span> <span class='ocrx_word' id='word_1_329' title='bbox 312 3794 386 3858; x_wconf 88' lang='lat' dir='ltr'><strong><em>quoe</em></strong></span> <span class='ocrx_word' id='word_1_330' title='bbox 408 3777 519 3858; x_wconf 90' lang='lat' dir='ltr'><strong><em>quidem</em></strong></span> <span class='ocrx_word' id='word_1_331' title='bbox 543 3794 599 3836; x_wconf 92' lang='lat' dir='ltr'><strong><em>non</em></strong></span> <span class='ocrx_word' id='word_1_332' title='bbox 622 3793 713 3855; x_wconf 87' lang='lat' dir='ltr'><strong><em>pauca</em></strong></span> <span class='ocrx_word' id='word_1_333' title='bbox 736 3779 822 3849; x_wconf 87' lang='lat' dir='ltr'><strong><em>sont,</em></strong></span> <span class='ocrx_word' id='word_1_334' title='bbox 853 3792 888 3835; x_wconf 87' lang='lat' dir='ltr'><strong><em>ae</em></strong></span> <span class='ocrx_word' id='word_1_335' title='bbox 910 3775 1013 3853; x_wconf 89' lang='lat' dir='ltr'><strong><em>partim</em></strong></span> <span class='ocrx_word' id='word_1_336' title='bbox 1036 3773 1160 3851; x_wconf 84' lang='lat' dir='ltr'><strong><em>gravia,</em></strong></span> <span class='ocrx_word' id='word_1_337' title='bbox 1184 3776 1214 3833; x_wconf 92' lang='lat' dir='ltr'><strong><em>et</em></strong></span> <span class='ocrx_word' id='word_1_338' title='bbox 1236 3773 1366 3833; x_wconf 84' lang='lat' dir='ltr'><strong><em>diversi-</em></strong></span> 
     </span>
     <span class='ocr_line' id='line_1_36' title="bbox 108 3877 1366 3953; baseline -0.007 -10"><span class='ocrx_word' id='word_1_339' title='bbox 108 3882 236 3943; x_wconf 73' lang='lat' dir='ltr'><strong><em>aarum.</em></strong></span> <span class='ocrx_word' id='word_1_340' title='bbox 280 3879 314 3941; x_wconf 94' lang='lat' dir='ltr'><strong><em>lu</em></strong></span> <span class='ocrx_word' id='word_1_341' title='bbox 336 3879 392 3941; x_wconf 84' lang='lat' dir='ltr'><strong><em>liae</em></strong></span> <span class='ocrx_word' id='word_1_342' title='bbox 413 3880 589 3942; x_wconf 74' lang='lat' dir='ltr'><strong><em>bononiensi</em></strong></span> <span class='ocrx_word' id='word_1_343' title='bbox 611 3877 775 3941; x_wconf 85' lang='lat' dir='ltr'><strong><em>adornanda</em></strong></span> <span class='ocrx_word' id='word_1_344' title='bbox 809 3877 926 3937; x_wconf 78' lang='lat' dir='ltr'><strong><em>codices</em></strong></span> <span class='ocrx_word' id='word_1_345' title='bbox 955 3893 1026 3936; x_wconf 89' lang='lat' dir='ltr'><strong><em>esse</em></strong></span> <span class='ocrx_word' id='word_1_346' title='bbox 1054 3877 1183 3953; x_wconf 83' lang='lat' dir='ltr'><strong><em>scriptos</em></strong></span> <span class='ocrx_word' id='word_1_347' title='bbox 1215 3893 1270 3935; x_wconf 92' lang='lat' dir='ltr'><strong><em>non</em></strong></span> <span class='ocrx_word' id='word_1_348' title='bbox 1294 3892 1366 3935; x_wconf 89' lang='lat' dir='ltr'><strong><em>con-</em></strong></span> 
     </span>
     <span class='ocr_line' id='line_1_37' title="bbox 108 3975 1367 4064; baseline -0.006 -19"><span class='ocrx_word' id='word_1_349' title='bbox 108 3983 263 4045; x_wconf 87' lang='lat' dir='ltr'><strong><em>temnenda</em></strong></span> <span class='ocrx_word' id='word_1_350' title='bbox 284 3984 454 4064; x_wconf 85' lang='lat' dir='ltr'><strong><em>antiquitate</em></strong></span> <span class='ocrx_word' id='word_1_351' title='bbox 477 3982 623 4043; x_wconf 82' lang='lat' dir='ltr'><strong><em>adhibitos</em></strong></span> <span class='ocrx_word' id='word_1_352' title='bbox 643 3981 730 4042; x_wconf 90' lang='lat' dir='ltr'><strong><em>mulia</em></strong></span> <span class='ocrx_word' id='word_1_353' title='bbox 746 3987 813 4042; x_wconf 89' lang='lat' dir='ltr'><strong><em>snut</em></strong></span> <span class='ocrx_word' id='word_1_354' title='bbox 829 3997 903 4060; x_wconf 87' lang='lat' dir='ltr'><strong><em>quae</em></strong></span> <span class='ocrx_word' id='word_1_355' title='bbox 917 3979 1050 4039; x_wconf 84' lang='lat' dir='ltr'><strong><em>suadent.</em></strong></span> <span class='ocrx_word' id='word_1_356' title='bbox 1095 3975 1185 4041; x_wconf 79' lang='lat' dir='ltr'><strong><em>Corte</em></strong></span> <span class='ocrx_word' id='word_1_357' title='bbox 1202 3979 1269 4039; x_wconf 81' lang='lat' dir='ltr'><strong><em>milui</em></strong></span> <span class='ocrx_word' id='word_1_358' title='bbox 1291 3977 1367 4040; x_wconf 87' lang='lat' dir='ltr'><strong><em>notia</em></strong></span> 
     </span>
     <span class='ocr_line' id='line_1_38' title="bbox 109 4081 1366 4167; baseline -0.007 -19"><span class='ocrx_word' id='word_1_359' title='bbox 109 4085 202 4148; x_wconf 83' lang='lat' dir='ltr'><strong><em>editio</em></strong></span> <span class='ocrx_word' id='word_1_360' title='bbox 225 4086 340 4167; x_wconf 85' lang='lat' dir='ltr'><strong><em>antiqua</em></strong></span> <span class='ocrx_word' id='word_1_361' title='bbox 363 4086 506 4162; x_wconf 84' lang='lat' dir='ltr'><strong><em>innotuit,</em></strong></span> <span class='ocrx_word' id='word_1_362' title='bbox 534 4102 608 4166; x_wconf 91' lang='lat' dir='ltr'><strong><em>qnae</em></strong></span> <span class='ocrx_word' id='word_1_363' title='bbox 631 4082 734 4144; x_wconf 88' lang='lat' dir='ltr'><strong><em>similis</em></strong></span> <span class='ocrx_word' id='word_1_364' title='bbox 756 4082 931 4145; x_wconf 76' lang='lat' dir='ltr'><strong><em>bononiensi</em></strong></span> <span class='ocrx_word' id='word_1_365' title='bbox 954 4082 1009 4158; x_wconf 83' lang='lat' dir='ltr'><strong><em>sit3</em></strong></span> <span class='ocrx_word' id='word_1_366' title='bbox 1041 4083 1156 4143; x_wconf 84' lang='lat' dir='ltr'><strong><em>aceedit</em></strong></span> <span class='ocrx_word' id='word_1_367' title='bbox 1178 4082 1213 4142; x_wconf 89' lang='lat' dir='ltr'><strong><em>ed</em></strong></span> <span class='ocrx_word' id='word_1_368' title='bbox 1238 4081 1366 4142; x_wconf 73' lang='lat' dir='ltr'><strong><em>novant-</em></strong></span> 
     </span>
     <span class='ocr_line' id='line_1_39' title="bbox 108 4183 1364 4265; baseline -0.003 -16"><span class='ocrx_word' id='word_1_369' title='bbox 108 4205 224 4265; x_wconf 86' lang='lat' dir='ltr'><strong><em>ensem,</em></strong></span> <span class='ocrx_word' id='word_1_370' title='bbox 247 4187 298 4251; x_wconf 87' lang='lat' dir='ltr'><strong><em>sed</em></strong></span> <span class='ocrx_word' id='word_1_371' title='bbox 315 4187 343 4247; x_wconf 95' lang='lat' dir='ltr'><strong><em>in</em></strong></span> <span class='ocrx_word' id='word_1_372' title='bbox 364 4186 509 4247; x_wconf 87' lang='lat' dir='ltr'><strong><em>nonnuliis</em></strong></span> <span class='ocrx_word' id='word_1_373' title='bbox 524 4192 631 4249; x_wconf 88' lang='lat' dir='ltr'><strong><em>tanturn</em></strong></span> <span class='ocrx_word' id='word_1_374' title='bbox 639 4228 651 4262; x_wconf 91' lang='lat'><strong><em>,</em></strong></span> <span class='ocrx_word' id='word_1_375' title='bbox 668 4185 861 4247; x_wconf 85' lang='lat' dir='ltr'><strong><em>Mutinensis:</em></strong></span> <span class='ocrx_word' id='word_1_376' title='bbox 885 4189 915 4246; x_wconf 95' lang='lat' dir='ltr'><strong><em>at</em></strong></span> <span class='ocrx_word' id='word_1_377' title='bbox 931 4183 1023 4245; x_wconf 79' lang='lat' dir='ltr'><strong><em>ituros</em></strong></span> <span class='ocrx_word' id='word_1_378' title='bbox 1040 4185 1167 4264; x_wconf 85' lang='lat' dir='ltr'><strong><em>scriptos</em></strong></span> <span class='ocrx_word' id='word_1_379' title='bbox 1184 4186 1233 4265; x_wconf 85' lang='lat' dir='ltr'><strong><em>qui</em></strong></span> <span class='ocrx_word' id='word_1_380' title='bbox 1248 4183 1364 4259; x_wconf 86' lang='lat' dir='ltr'><strong><em>adierit,</em></strong></span> 
     </span>
     <span class='ocr_line' id='line_1_40' title="bbox 107 4287 1366 4370; baseline -0.007 -17"><span class='ocrx_word' id='word_1_381' title='bbox 107 4293 168 4353; x_wconf 85' lang='lat' dir='ltr'><strong><em>ista</em></strong></span> <span class='ocrx_word' id='word_1_382' title='bbox 190 4308 265 4370; x_wconf 88' lang='lat' dir='ltr'><strong><em>quae</em></strong></span> <span class='ocrx_word' id='word_1_383' title='bbox 288 4289 449 4366; x_wconf 82' lang='lat' dir='ltr'><strong><em>singularia</em></strong></span> <span class='ocrx_word' id='word_1_384' title='bbox 472 4290 570 4353; x_wconf 88' lang='lat' dir='ltr'><strong><em>insunt</em></strong></span> <span class='ocrx_word' id='word_1_385' title='bbox 591 4291 619 4350; x_wconf 89' lang='lat' dir='ltr'><strong><em>in</em></strong></span> <span class='ocrx_word' id='word_1_386' title='bbox 642 4289 835 4364; x_wconf 79' lang='lat' dir='ltr'><strong><em>lovaniensi,</em></strong></span> <span class='ocrx_word' id='word_1_387' title='bbox 865 4287 993 4367; x_wconf 80' lang='lat' dir='ltr'><strong><em>reperiet</em></strong></span> <span class='ocrx_word' id='word_1_388' title='bbox 1015 4289 1078 4349; x_wconf 89' lang='lat' dir='ltr'><strong><em>iero</em></strong></span> <span class='ocrx_word' id='word_1_389' title='bbox 1101 4289 1204 4348; x_wconf 89' lang='lat' dir='ltr'><strong><em>omnia.</em></strong></span> <span class='ocrx_word' id='word_1_390' title='bbox 1249 4287 1366 4361; x_wconf 85' lang='lat' dir='ltr'><strong><em>Singu-</em></strong></span> 
     </span>
     <span class='ocr_line' id='line_1_41' title="bbox 107 4389 1366 4470; baseline -0.003 -16"><span class='ocrx_word' id='word_1_391' title='bbox 107 4392 183 4454; x_wconf 88' lang='lat' dir='ltr'><strong><em>larie</em></strong></span> <span class='ocrx_word' id='word_1_392' title='bbox 205 4392 293 4470; x_wconf 86' lang='lat' dir='ltr'><strong><em>dieo;</em></strong></span> <span class='ocrx_word' id='word_1_393' title='bbox 317 4411 374 4454; x_wconf 92' lang='lat' dir='ltr'><strong><em>non</em></strong></span> <span class='ocrx_word' id='word_1_394' title='bbox 396 4393 461 4454; x_wconf 88' lang='lat' dir='ltr'><strong><em>dico</em></strong></span> <span class='ocrx_word' id='word_1_395' title='bbox 483 4409 555 4455; x_wconf 84' lang='lat' dir='ltr'><strong><em>vera</em></strong></span> <span class='ocrx_word' id='word_1_396' title='bbox 577 4409 647 4455; x_wconf 86' lang='lat' dir='ltr'><strong><em>esse</em></strong></span> <span class='ocrx_word' id='word_1_397' title='bbox 669 4395 773 4454; x_wconf 89' lang='lat' dir='ltr'><strong><em>omnia.</em></strong></span> <span class='ocrx_word' id='word_1_398' title='bbox 818 4390 871 4454; x_wconf 86' lang='lat' dir='ltr'><strong><em>Sic</em></strong></span> <span class='ocrx_word' id='word_1_399' title='bbox 893 4393 989 4455; x_wconf 87' lang='lat' dir='ltr'><strong><em>statim</em></strong></span> <span class='ocrx_word' id='word_1_400' title='bbox 1012 4389 1178 4468; x_wconf 81' lang='lat' dir='ltr'><strong><em>singulares</em></strong></span> <span class='ocrx_word' id='word_1_401' title='bbox 1200 4394 1288 4467; x_wconf 85' lang='lat' dir='ltr'><strong><em>aunt,</em></strong></span> <span class='ocrx_word' id='word_1_402' title='bbox 1311 4407 1366 4450; x_wconf 89' lang='lat' dir='ltr'><strong><em>ne-</em></strong></span> 
     </span>
     <span class='ocr_line' id='line_1_42' title="bbox 109 4493 1366 4578; baseline -0.005 -19"><span class='ocrx_word' id='word_1_403' title='bbox 109 4513 168 4578; x_wconf 82' lang='lat' dir='ltr'><strong><em>quo</em></strong></span> <span class='ocrx_word' id='word_1_404' title='bbox 189 4495 260 4558; x_wconf 82' lang='lat' dir='ltr'><strong><em>alibi</em></strong></span> <span class='ocrx_word' id='word_1_405' title='bbox 283 4495 370 4559; x_wconf 85' lang='lat' dir='ltr'><strong><em>tacite</em></strong></span> <span class='ocrx_word' id='word_1_406' title='bbox 392 4496 448 4558; x_wconf 88' lang='lat' dir='ltr'><strong><em>nisi</em></strong></span> <span class='ocrx_word' id='word_1_407' title='bbox 472 4498 499 4557; x_wconf 91' lang='lat' dir='ltr'><strong><em>in</em></strong></span> <span class='ocrx_word' id='word_1_408' title='bbox 529 4493 612 4557; x_wconf 83' lang='lat' dir='ltr'><strong><em>tibris</em></strong></span> <span class='ocrx_word' id='word_1_409' title='bbox 638 4497 759 4576; x_wconf 81' lang='lat' dir='ltr'><strong><em>scriptis</em></strong></span> <span class='ocrx_word' id='word_1_410' title='bbox 793 4495 1005 4574; x_wconf 84' lang='lat' dir='ltr'><strong><em>inveniendae,</em></strong></span> <span class='ocrx_word' id='word_1_411' title='bbox 1033 4493 1240 4573; x_wconf 84' lang='lat' dir='ltr'><strong><em>inscriptiones</em></strong></span> <span class='ocrx_word' id='word_1_412' title='bbox 1263 4493 1366 4555; x_wconf 83' lang='lat' dir='ltr'><strong><em>earmi-</em></strong></span> 
     </span>
    </p>
   </div>
   <div class='ocr_carea' id='block_1_3' title="bbox 0 0 1478 4986">
    <p class='ocr_par' dir='ltr' id='par_1_3' title="bbox 0 0 1478 4986">
     <span class='ocr_line' id='line_1_43' title="bbox 0 0 1478 4986; baseline 0 0"><span class='ocrx_word' id='word_1_413' title='bbox 0 0 1478 4986; x_wconf 95' lang='lat' dir='ltr'><strong><em> </em></strong></span> 
     </span>
    </p>
   </div>
  </div>
 </body>
</html>
