2948 4986
432 185 474 249 m
497 148 667 249 vaauen
691 183 1031 251 6666666616.
1280 190 1357 285 166

170 354 289 438 putata
312 366 394 419 6616.
431 356 577 434 Virgilius
597 356 778 444 1166666111.
797 363 871 420 266.
894 359 930 420 de
951 358 1072 438 apibus:
1094 360 1207 440 fessae
1229 328 1355 440 66196-
1393 376 1399 399 s

124 461 180 522 1616
201 469 275 521 notu
297 472 465 528 6666111661.
510 458 571 523 ssiri
596 463 1263 544 6.-366.1116166666966666696666166
1283 469 1356 524 autu
1404 515 1412 527 .

123 564 260 646 repellas.

67 806 69 811 v
172 771 210 832 V·
235 779 287 834 93.
325 784 451 851 TUQUE
470 781 621 839 assises
644 782 777 839 iacun.
813 785 862 839 ΕΝ
883 785 998 839 Pium
1016 785 1219 841 Novissima
1236 784 1354 839 Nouis.

67 924 69 965 ἓ
174 866 281 960 Terpno
301 869 428 954 resiste]
460 871 703 953 corruptissimus
725 873 826 952 locus,
855 879 884 936 et
906 875 1000 938 alieno
1022 874 1086 937 luco
1110 878 1234 956 positus.
1280 876 1354 938 Poto

121 979 223 1055 primurn
246 997 317 1045 eum,
331 984 401 1057 post
423 977 499 1039 bunc
521 996 636 1038 versum
658 978 866 1056 reponendum:

279 1082 355 1144 8166
376 1086 456 1158 erio,
480 1090 510 1143 et
531 1084 562 1143 61
585 1100 661 1157 non,
684 1102 793 1142 mecum
814 1070 972 1159 morieris,
996 1091 1161 1167 6166116661
1282 1119 1284 1123 1

283 1185 388 1270 111666
409 1189 472 1246 erte
496 1191 551 1248 isti
570 1205 649 1266 pur,
672 1193 703 1246 61
722 1189 824 1268 prima
844 1191 1014 1248 6661661616
1035 1187 1132 1248 nobis.

116 1287 220 1350 belnde
243 1289 284 1349 ita
306 1291 495 1367 interpretor:
525 1282 599 1349 8166
620 1277 697 1364 eris,
721 1293 751 1351 61
773 1291 800 1351 61
822 1308 896 1366 666,
918 1288 1120 1350 Graecismus:
1149 1284 1355 1368 ἀμφότερον,

115 1381 131 1466 ἢ
151 1380 252 1469 61166,
276 1379 295 1468 ἢ
317 1385 362 1468 μή
387 1379 481 1452 61166.
505 1398 534 1453 ut
557 1391 644 1452 illud:

175 1490 180 1497 ’
277 1489 497 1573 Ἀμφότερον,
522 1491 646 1573 (intepet
670 1493 697 1552 τ’
721 1490 810 1567 enain
829 1490 998 1574 πρηκτῆρά
1021 1513 1056 1552 τε
1079 1490 1201 1574 ἔ66666.’

113 1600 215 1685 16666
241 1604 304 1661 eris
334 1604 390 1661 1611
408 1610 480 1682 p‘ar.
525 1599 592 1660 Eris
615 1617 728 1678 semper
757 1617 872 1678 compar
899 1599 977 1660 mibi.
1024 1600 1099 1662 idem
1128 1602 1224 1679 iugum
1254 1599 1354 1663 166166-

111 1723 184 1781 nms,
217 1710 247 1763 ut
271 1704 323 1764 la'm
346 1703 436 1773 dixit,
466 1724 576 1785 meorum
597 1708 746 1766 morieris.
790 1703 854 1765 1611
861 1743 873 1777 ,
902 1702 931 1762 id
954 1704 1015 1780 eut,
1038 1703 1087 1764 isti
1109 1701 1213 1764 bomini
1237 1700 1355 1766 0616166

109 1808 227 1882 dietum,
257 1825 310 1886 pro
332 1805 415 1883 mibi,
445 1804 624 1874 «16666κώ6,
671 1804 812 1885 llxempla
839 1808 992 1873 occurrunt
1020 1806 1095 1885 apud
1117 1802 1301 1881 Terentium,
1325 1810 1355 1869 et

107 1910 246 1972 Plautum.
281 1909 336 1979 Ut,
360 1913 418 1972 1611
438 1912 548 1973 bomini
570 1910 715 1972 debentur
736 1913 847 1990 6191611
867 1915 974 1971 minae.
998 1911 1026 1970 id
1049 1913 1114 1989 est,
1129 1904 1216 1971 mibi.
1253 1911 1353 1989 Ergo,

106 2019 135 2075 61
156 2014 365 2093 interpretatus
388 2034 466 2089 runi,
490 2015 530 2074 ita
551 2012 639 2093 lego:

283 2104 386 2203 Tuque
406 2122 470 2180 eris
493 2120 550 2178 isti
567 2137 629 2198 por
656 2101 699 2160 -’
715 2134 785 2195 pro,
811 2116 916 2200 16666
937 2121 1050 2179 resiste
1069 2126 1171 2200 pater.

171 2221 217 2282 Et
228 2224 330 2303 primu
345 2216 528 2303 6661661666]
548 2220 622 2283 Nam
637 2237 744 2280 6166616
758 2222 863 2297 61666,
881 2238 985 2287 mecum
1005 2223 1145 2282 morieris.
1169 2221 1356 2299 Propertius:

282 2325 417 2408 0661616
436 2328 536 2409 primu
557 2327 637 2406 fuit:
662 2323 796 2406 0661116
816 2325 890 2405 (intr
912 2327 980 2385 erit.
1026 2336 1214 2396 scenicus.
1323 2317 1326 2323 ⁶

107 2426 185 2490 Nibll
210 2429 238 2489 ln
262 2427 309 2489 bis
331 2429 426 2490 bonae
447 2430 542 2506 fragis
565 2431 612 2490 661
633 2431 748 2507 praeter
770 2425 991 2506 explicationem
1013 2445 1118 2488 versus
1131 2432 1186 2488 sc.
1209 2425 1357 2504 scaligeri

108 2539 202 2593 tamen
226 2533 399 2593 auctoritate
421 2531 496 2592 bunc
519 2550 633 2592 versum
662 2534 731 2609 post
753 2550 784 2590 v.
808 2537 860 2592 96.
904 2530 981 2593 8166
1002 2535 1064 2592 erte
1088 2534 1144 2591 616.
1175 2533 1273 2610 posuit
1295 2530 1357 2591 Ar-

109 2635 229 2709 noldus,
255 2637 294 2697 ita
315 2640 465 2698 mutatum:
492 2635 597 2719 16666
618 2635 773 2714 mihiipsi
792 2650 870 2716 par3
887 2638 926 2696 'tu
946 2637 1064 2717 primo,
1087 2638 1277 2711 novissima,
1300 2654 1357 2697 no-

108 2740 168 2802 116.
217 2740 415 2824 1666666111
437 2744 500 2821 ipsi
519 2758 581 2822 por
604 2736 730 2800 [litberri
753 2737 904 2799 lectionem
927 2754 997 2798 esre
1020 2738 1098 2798 dicit.
1165 2766 1168 2771 ·

172 2842 311 2904 Difficilis
334 2840 433 2918 loeus,
457 2843 508 2902 6611
532 2843 625 2918 aegis
649 2841 774 2902 viromm
793 2841 938 2902 doctorum
959 2841 1188 2903 dubitationibus
1205 2859 1286 2922 quam
1306 2860 1359 2903 sua

108 2946 288 3008 difficultate.
328 2947 568 3007 Pertractabimus
592 2945 692 3005 ordine
715 2942 842 3020 singula.
878 2944 973 3005 Primo
996 2945 1070 3026 quod
1094 2945 1123 3005 in
1145 2944 1230 3005 libris
1252 2949 1359 3007 1661666

109 3070 163 3110 non
186 3050 317 3110 omnibus
341 3049 481 3123 babetur,
513 3049 617 3132 Tnprre
639 3051 752 3109 resiste
772 3038 965 3128 9616611666
994 3048 1107 3127 planum
1136 3048 1222 3109 nobis
1245 3049 1359 3132 quidem

108 3162 171 3226 est,
197 3153 260 3213 dum
285 3170 387 3212 nexum
406 3150 489 3211 buius
509 3171 613 3212 versus
639 3166 699 3210 curn
723 3151 966 3230 praecedentibus
982 3152 1203 3231 perpendimus,
1226 3157 1258 3214 ut
1274 3154 1360 3214 mirer

109 3257 277 3331 exstitisse,
307 3256 353 3336 qul
377 3262 426 3316 aut
449 3254 636 3316 vehementer
659 3261 820 3333 corruptum
842 3254 950 3331 locum,
979 3259 1041 3317 aot.
1056 3256 1247 3336 quaerendum
1270 3275 1357 3332 6666,

108 3362 157 3441 661
171 3361 330 3441 stipator,
347 3351 588 3420 existimaverint.
618 3356 838 3434 Intelligendum
861 3377 930 3419 esse
947 3364 1057 3438 patrem
1078 3360 1202 3437 gregis,
1226 3378 1356 3438 caprum,

109 3465 184 3527 uidit
206 3464 362 3537 Heinsius,
385 3463 432 3542 qui
455 3459 593 3524 Catorrem
616 3466 743 3522 6131.
783 3461 870 3523 neum
891 3463 1091 3542 1666696166
1111 3460 1212 3548 666961
1233 3467 1358 3544 966916,

110 3574 141 3628 61
171 3587 203 3628 6.
231 3571 306 3652 iol.
368 3566 411 3627 lit
441 3575 532 3649 poter
559 3565 723 3642 1666166661
749 3567 848 3647 felia,
885 3583 920 3628 66
951 3565 1113 3654 ¹Petronium
1142 3565 1258 3645 laudat,
1293 3584 1359 3646 cap.

109 3694 249 3732 cxxxrrr.
287 3683 361 3733 1666
388 3671 492 3733 bireua
520 3676 641 3753 peeoris
668 3680 760 3749 poter
784 3669 839 3731 1111
860 3669 904 3731 nd
926 3669 1185 3750 6666066196.
1230 3669 1356 3749 Propius

109 3777 145 3836 ad
170 3772 327 3852 Catonem,
350 3775 505 3855 eademnque
527 3773 677 3833 brevitate·
695 3771 832 3833 Valerius
852 3772 973 3834 Flaccus
995 3771 1018 3833 l.
1044 3778 1102 3834 89.
1119 3777 1172 3835 90.

501 3877 588 3939 dabit
610 3879 733 3938 auretio
756 3885 786 3938 61
808 3876 950 3938 cornibus
973 3879 1038 3957 1961

285 3980 379 4043 Cotto
399 3988 508 4063 poter,
532 3983 672 4063 61661666
691 3998 803 4060 966966
825 3979 1096 4060 6116666169661.

113 4084 150 4147 111
173 4084 249 4164 apud
270 4084 409 4162 Catonem
431 4084 649 4163 praecedentia,
672 4085 712 4145 ita
730 4084 805 4162 apud
822 4083 953 4144 Flaccum
970 4084 1178 4164 subsequentia
1196 4083 1360 4164 declarant,

111 4201 231 4271 putrem
253 4187 468 4266 intelligendum
491 4205 560 4248 essa
581 4191 696 4268 966916.
731 4187 784 4257 816
806 4192 920 4268 poterat
942 4185 1033 4266 Cato,
1056 4189 1082 4248 sl
1105 4186 1277 4267 placuisset,
1300 4189 1360 4250 du-

112 4313 179 4355 cem·
198 4291 366 4371 simplicitor
386 4289 536 4371 appellare
558 4308 689 4369 caprum:
720 4292 816 4353 statim
844 4292 965 4373 quisque
994 4283 1183 4371 percepturus
1206 4297 1284 4365 erat,
1314 4292 1360 4351 in-

112 4396 211 4474 telligi
235 4396 334 4457 ducem
356 4379 472 4473 gregis.
505 4393 574 4456 Alio
596 4376 726 4473 tempore
743 4394 883 4455 Heinsius
905 4396 1070 4456 coniecerat
1093 4412 1202 4476 cuper:
1226 4411 1280 4454 non
1297 4412 1360 4454 ma·

111 4517 184 4578 gua-
197 4499 368 4577 6161611666,
390 4499 444 4560 sed
465 4497 551 4559 166116
573 4498 711 4560 festivius
732 4503 820 4580 61666
836 4496 875 4560 ad
890 4498 1121 4560 66666616616666
1139 4497 1219 4559 61166
1235 4497 1361 4559 rusticae
