2948 4986
111 155 189 226 aaa
315 143 355 169 ”
457 154 460 162 ·
574 150 850 215 o1ssununuuo
873 152 927 214 ιν.

111 328 191 400 reat,
214 329 289 406 quae
313 343 350 386 ex
381 343 417 385 eo
446 323 511 386 loon
541 324 704 403 disputavi,
735 329 791 385 lum
820 329 852 387 ut
879 325 1018 401 attingam
1050 324 1147 402 aliud,
1178 327 1256 410 quod
1279 329 1307 388 ln
1329 345 1363 388 eo

112 427 237 488 obsoure
260 427 396 506 seriptum
425 432 481 487 est.
533 426 578 489 lta
607 429 697 506 igilur
730 428 769 488 ibi
800 446 872 507 pag.
898 433 969 490 138.
998 428 1034 489 ad
1068 428 1183 490 Petrum
1214 429 1363 491 Pitboeum

111 530 236 592 seribit:
261 530 411 620 Quantum
434 531 477 592 od
498 540 610 593 terium
634 529 875 614 Opuaeutorum,
899 534 1066 616 &reliquo
1083 533 1280 615 Appendieis
1294 535 1362 598 Vir-

110 634 267 713 pilionoe,
297 634 372 696 nillil
400 634 525 697 decrevi
554 642 719 696 attentare.
767 635 811 696 l'u
841 646 957 696 tontum
986 623 1065 718 quae
1092 638 1151 697 tibi
1181 638 1364 700 uidebuntur

110 736 287 822 leoiua'rutu
309 737 453 800 mutabis·
476 741 502 799 dr
523 757 582 800 non
603 741 667 800 nisi
689 759 769 822 quoe
790 749 854 800 tuto
872 744 984 801 mutari
995 749 1139 821 possunt.
1184 742 1257 821 Epo
1273 744 1361 803 eber-

111 851 164 904 toe
184 862 268 903 meae
284 848 380 926 *quum
403 841 503 921 tepent
531 860 657 923 operae,
686 851 778 904 notos
802 841 930 903 Codicis
953 843 1193 924 Antverp'iensis
1219 847 1362 926 opposui.

110 954 210 1007 tomen
233 952 306 1007 arnt
327 943 422 1005 molto
446 964 526 1028 qrrue
547 953 657 1005 temere
677 951 795 1006 mutato
818 940 891 1007 aunt
912 962 934 1006 o
956 949 1061 1008 neseio
1085 966 1145 1031 quo
1164 942 1211 977 **
1224 943 1262 1022 *,
1287 968 1364 1031 quoe

110 1057 144 1113 tu
165 1051 325 1113 restitues.
346 1101 350 1108 .
370 1048 443 1131 Quis
473 1049 512 1109 sit
538 1047 607 1124 ille,
640 1049 688 1130 qui
716 1067 772 1109 non
796 1049 970 1124 nominatur,
1004 1049 1108 1110 videor
1135 1050 1205 1110 mibi
1235 1050 1362 1133 assequi.

110 1154 237 1215 Prorsus
259 1152 342 1213 slmlll
366 1154 440 1213 enim
463 1151 545 1213 modo
569 1151 707 1228 Scaliger
730 1148 994 1229 recenseamus,
1017 1153 1140 1212 maxime
1162 1152 1196 1212 ad
1223 1151 1361 1229 Culicem,

110 1275 194 1337 quum
215 1255 382 1318 Bembiuam
405 1257 594 1335 scripturam,
618 1253 829 1324 autAldiuam,
853 1254 984 1331 damnat,
1008 1256 1082 1335 quud
1108 1257 1296 1334 cupidissime
1320 1258 1362 1322 ia-

111 1359 171 1436 ut,
194 1357 404 1437 Correclores,
428 1377 484 1420 uon
508 1359 686 1430 nominatos,
711 1356 944 1437 reprehendere,
968 1362 1054 1439 atque
1078 1360 1250 1437 impugnare
1271 1358 1362 1419 libro-

110 1480 170 1524 rum
201 1462 373 1524 auotorilate
400 1461 558 1542 antiquitus
589 1477 760 1546 excusorum
790 1459 887 1522 solet:
917 1461 992 1521 euni.
1024 1463 1052 1520 iu
1082 1459 1212 1522 Culicem
1236 1481 1267 1521 v.
1294 1465 1362 1522 100.

111 1566 187 1627 263.
209 1568 283 1649 ilii.
307 1570 380 1626 3³8.
404 1570 478 1626 319.
503 1566 576 1625 loo.
607 1563 635 1622 in
659 1561 746 1622 [liras
770 1583 799 1623 v.
825 1569 876 1624 ll.
900 1565 951 1623 lt).
1004 1562 1086 1645 Quod
1110 1567 1204 1625 autom
1230 1583 1364 1644 nusquam

109 1686 212 1730 nomeu
235 1667 317 1747 ponit
329 1664 514 1729 (lorruoloris
536 1667 638 1738 istius,
661 1664 710 1726 vel
729 1653 932 1728 Correotoruru
955 1666 1094 1741 istorum,
1119 1666 1146 1725 id
1162 1668 1268 1727 laetum
1282 1685 1363 1739 esse,

110 1775 143 1833 ut
165 1770 345 1848 significaret
367 1755 577 1848 contemptum,
600 1768 736 1833 arbitror.
780 1768 852 1830 Nam
883 1769 959 1851 quod
981 1768 1085 1850 aliquis
1108 1770 1201 1846 dieat,
1237 1769 1365 1830 fortasse

111 1872 296 1950 Scaligerum
318 1869 395 1933 libro
417 1872 519 1934 bembi
543 1873 579 1932 de
592 1868 694 1952 Culiee
718 1870 891 1952 Aldiuisque
914 1890 970 1933 nou
992 1871 1079 1951 ipsis,
1105 1873 1159 1933 sed
1182 1876 1292 1934 tautum
1314 1891 1364 1933 re-

111 1975 290 2042 centioribus
313 1975 481 2056 quibusdam
504 1974 698 2052 editionibus,
714 1973 815 2056 quales
838 1978 905 2036 suut
928 1993 967 2036 ex
984 1975 1103 2036 Aldiuis
1126 1995 1293 2054 expressae
1310 1993 1365 2036 uon

110 2097 241 2162 paucae,
265 2083 296 2141 et
317 2097 391 2161 quae
403 2075 530 2141 Culicem
554 2096 592 2140 ex
616 2070 811 2159 castigatione
825 2077 927 2138 Bembi
946 2076 1069 2153 babent,
1091 2077 1262 2155 nonnullae,
1285 2098 1365 2139 usum

111 2201 199 2258 esse,
229 2182 352 2264 ideoque
384 2182 558 2260 ignorasse,
587 2184 653 2264 quis
681 2169 874 2262 primussista
903 2185 958 2242 tarn
992 2181 1077 2243 multo
1101 2184 1247 2242 novasset
1268 2183 1296 2242 in
1320 2180 1366 2242 bis

111 2283 289 2365 Opuseulis:
312 2283 402 2364 primo
425 2303 523 2362 parurn
545 2284 697 2364 probabile
720 2287 782 2360 est,
802 2284 968 2361 luooguitas
984 2283 1139 2360 scaligero
1159 2283 1285 2344 Aldinas
1306 2303 1366 2346 oum

112 2387 186 2448 libro
210 2387 309 2449 bombi
337 2386 454 2465 'luisse3
486 2387 591 2449 deinde
621 2387 781 2449 conferenti
811 2384 893 2448 loeus
917 2406 934 2447 a
957 2405 1001 2447 ure
1022 2387 1128 2447 allalos
1150 2387 1267 2465 patebit
1290 2387 1366 2468 loqui

112 2488 296 2566 Scaligerum
319 2492 458 2571 tamquam
482 2507 565 2566 eum,
589 2491 634 2571 oui
654 2487 846 2552 correctores
868 2491 917 2552 isti
941 2492 988 2572 qui
1012 2491 1131 2564 luerint,
1155 2490 1249 2568 probe
1272 2494 1366 2552 uotum

112 2591 162 2656 slt.
207 2591 365 2673 Aliquanto
388 2592 533 2654 diffieilior
555 2592 592 2654 de
609 2594 962 2677 CodieeAntoerpienei
983 2593 1118 2676 quaestio
1142 2596 1205 2672 est,
1230 2596 1313 2655 ouius
1335 2612 1367 2656 se

112 2706 204 2758 notes
228 2697 404 2774 apposuisse
427 2694 546 2758 obarlne
567 2696 604 2757 ab
628 2699 727 2777 operis
750 2698 955 2776 exprimendae
978 2687 1092 2757 scribit.
1143 2697 1217 2756 llum
1240 2698 1367 2757 codieem

112 2800 206 2861 fuisse
230 2799 442 2862 Catalecloruru
464 2793 724 2879 manuscriptum,
749 2817 804 2881 qua
827 2799 939 2861 tandem
963 2799 1170 2879 probabilitate
1189 2801 1367 2859 Burmannus

112 2900 133 2962 l.
157 2900 175 2962 l.
207 2903 301 2981 llpist.
330 2902 365 2962 ad
395 2903 540 2983 Hopplum
573 2922 603 2982 p.
627 2924 731 2962 xxxu.
763 2903 880 2978 statuit,
911 2922 993 2984 quum
1023 2921 1116 2983 neque
1140 2902 1253 2963 codicis
1276 2899 1366 2964 Cata-

113 3002 251 3065 lectorum
274 3003 502 3083 Autverpiensis
525 3023 643 3086 usquam
666 3006 836 3071 mentionem
859 3007 962 3065 iactam
985 3024 1053 3067 esse
1076 3025 1093 3066 a
1116 3004 1297 3082 scaligero,
1320 3007 1366 3065 aut

113 3107 150 3168 ab
184 3105 241 3166 ulio
275 3108 427 3187 quopiam,
458 3111 593 3183 constet,
623 3110 654 3169 et
681 3107 752 3168 illud
790 3108 827 3168 de
855 3112 938 3171 notis
967 3108 1095 3190 Codicis
1123 3109 1364 3190 Antrrerpieneia

113 3210 251 3289 seriptum
273 3209 314 3272 sit
337 3210 393 3286 ita,
418 3213 448 3270 ut
470 3210 506 3272 ad
521 3208 670 3289 (lpusoula
692 3229 748 3272 uon
771 3211 862 3272 nrinus
885 3229 967 3293 quam
990 3211 1025 3273 ad
1044 3210 1215 3288 (lutulenta,
1240 3209 1290 3271 vel
1312 3228 1364 3289 po-

113 3315 172 3376 tius
195 3314 290 3390 magis
311 3312 347 3374 ad
369 3311 536 3394 (lpusoula,
560 3333 642 3395 quam
664 3313 699 3393 ud
724 3311 892 3388 Cataleeta,
916 3308 1081 3394 pertinenti
1123 3314 1283 3375 Praeterea
1305 3314 1364 3394 quis

113 3416 298 3495 Scaligerum
327 3427 419 3482 notos
449 3418 588 3482 dicturum
618 3418 711 3480 inisse
739 3416 856 3492 credet,
887 3417 913 3476 si
936 3415 1082 3477 voluisset
1104 3419 1203 3478 varias
1227 3416 1364 3479 lectiones

113 3522 224 3584 oodiois
247 3519 368 3582 alieuius
390 3514 585 3598 significare?
628 3522 695 3599 blgo
724 3519 799 3582 aliud
824 3521 951 3595 euuieui,
986 3520 1073 3600 idque
1096 3522 1192 3580 statim
1217 3521 1363 3582 confirma-

113 3627 171 3689 tum
194 3621 291 3685 babui.
343 3624 471 3699 Editioui
502 3623 650 3705 Scaligerl
680 3626 807 3704 primae,
837 3621 1043 3698 lugdunensi,
1073 3624 1229 3700 appositae
1251 3627 1318 3685 suunt
1338 3623 1362 3682 iu

114 3725 295 3802 marginibus
317 3727 418 3787 uariae
440 3725 583 3789 lectiones
605 3729 680 3789 salis
702 3725 807 3788 inultae
829 3741 963 3802 nunuer03
996 3709 1068 3805 quas
1096 3731 1200 3803 postea
1235 3727 1361 3788 linden-

113 3825 254 3889 brurbius
276 3828 304 3888 in
327 3847 410 3890 uuum
434 3828 574 3894 collectas
597 3835 727 3906 extremo
749 3828 825 3894 libro
841 3828 906 3888 addi
926 3828 1049 3889 curavit.
1082 3829 1173 3888 'Sunt
1195 3837 1289 3890 autem
1311 3847 1361 3910 ge-

114 3929 195 3999 neris
216 3944 273 4013 non
295 3921 434 3997 eiusdem.
478 3929 561 4016 erae
584 3933 657 3994 enim
680 3933 709 3992 ln
734 3931 894 4012 Opuseulis
917 3932 1071 4011 appositae
1101 3937 1168 3992 sunl
1199 3952 1315 4006 omnes,
1337 3935 1361 3993 et

114 4050 186 4117 pers
206 4048 319 4117 aarum,
342 4051 416 4114 quae
437 4034 607 4099 Praeoouiis
628 4037 657 4096 ln
680 4035 853 4112 Virgilium,
877 4039 908 4096 et
924 4033 1136 4128 Cataleclorum
1157 4035 1260 4112 libris,
1283 4035 1360 4115 plane

115 4135 219 4198 nullam
240 4134 366 4199 additam
388 4141 483 4200 nutam
505 4136 632 4215 babent,
655 4139 730 4200 unde
753 4139 893 4217 eognosei
909 4141 1012 4220 queat,
1036 4142 1127 4199 utrum
1152 4157 1191 4199 ex
1215 4139 1290 4201 libro
1312 4139 1359 4199 ali-

115 4257 172 4321 quo
195 4238 362 4318 desumptae
384 4240 459 4316 siut,
484 4258 525 4327 au
544 4241 744 4315 coniecturae,
769 4245 799 4304 ot
822 4243 903 4303 ouius
926 4242 984 4307 viri
1008 4242 1086 4303 docti
1107 4245 1294 4305 coniecturae
1316 4245 1359 4304 de·

115 4343 248 4406 beantur.
294 4343 345 4403 liis
368 4341 405 4404 de
427 4341 594 4405 eouieotura
615 4345 666 4422 agi
690 4346 868 4406 manifestum
891 4348 954 4405 esta
978 4363 1049 4424 pag.
1063 4351 1114 4406 54.
1138 4346 1187 4406 ubi
1200 4347 1237 4408 ad
1254 4347 1361 4411 Aetnae

116 4464 233 4510 versum
259 4448 333 4512 aad.
355 4446 383 4506 iu
405 4446 538 4526 margine
560 4445 690 4527 legitur:
712 4449 740 4532 f.
763 4445 934 4530 Omniaque
955 4467 984 4511 e.
1007 4453 1038 4510 et
1060 4449 1088 4510 iu
1111 4445 1276 4515 Cataleotis
1298 4451 1361 4513 Vir·
