2948 4986
110 183 190 267 40⁸
219 276 221 280 ι
557 177 838 244 orssnnunmo
860 176 915 240 1v.

111 358 169 418 eto.
192 355 247 416 nisi
269 353 346 435 quod
369 354 398 415 in
421 353 491 419 Bas.
515 354 596 416 uidit
618 358 649 417 et
671 352 701 412 io
724 350 792 413 Vic.
816 351 1022 436 stropadaoq3
1043 349 1122 432 qnod
1146 364 1298 429 operarum
1319 351 1357 411 vi·
1394 430 1396 435 Ι

111 459 265 529 tinmest‚
297 461 328 518 ut
356 455 442 519 multa
472 459 539 518 sunt
568 457 597 517 in
630 454 802 534 Viceutlna,
831 455 883 517 sod
915 460 1106 534 propagatum
1130 453 1200 514 inde
1222 453 1360 532 peratiae

107 559 257 623 ¹erlitlones
278 579 328 639 ap.
352 558 510 622 Schrader.
534 559 686 622 Emendat.
715 573 746 639 p.
771 565 822 621 oa.
875 560 1068 638 Pomponius,
1100 563 1131 619 ut
1161 559 1361 619 animadvertit

111 662 260 742 hienymus,
292 662 368 723 aliud
393 661 530 740 legebat,
559 681 681 742 prorsus
703 663 875 725 diversum:
904 664 1127 748 Florenteoque
1147 682 1180 723 v.
1205 665 1228 723 i.
1253 662 1360 743 Gyrto-

65 822 71 833 ,
112 766 197 829 das:
223 769 294 829 binc
320 743 517 842 Venus‘illi,
552 767 635 828 Hinc
658 769 747 829 sinuo
771 771 828 828 etc.
873 765 931 828 lam
954 764 1028 827 baec
1058 768 1184 848 quisque
1208 767 1361 839 examinet,

112 876 143 932 ot
164 871 244 950 ipse,
269 870 335 951 quid
360 889 397 930 ex
420 869 495 931 libro
519 870 771 949 petitumscripto
795 871 942 948 videatur,
956 871 1022 952 quid
1046 871 1238 940 coniecturae
1260 869 1361 929 debea-

111 976 172 1051 nr,
196 973 313 1034 iudicet.
357 971 390 1032 lo
422 971 568 1037 nonnullis
591 974 748 1033 convenire
771 973 931 1052 Pomponio
953 993 1016 1034 eum
1034 973 1159 1053 antiquis
1184 971 1272 1032 tibris
1293 970 1361 1030 sori·

110 1077 171 1156 ptis
193 1076 258 1154 lpse
279 1076 392 1155 moooi3
415 1074 491 1151 alia,
514 1094 589 1157 qnae
610 1076 709 1152 attuli,
728 1079 856 1138 fortasse
878 1075 927 1138 alii
942 1077 1099 1137 invenient
1122 1075 1192 1136 ulils
1216 1075 1246 1135 io
1269 1073 1361 1135 libris:

111 1184 192 1241 certe
215 1196 297 1240 unum
320 1183 382 1254 est,
407 1177 598 1259 alterumque,
627 1179 783 1257 eiusmodi,
807 1181 864 1241 ,vix
886 1185 917 1242 ut
939 1180 1063 1239 inveniri
1086 1173 1223 1257 potuisse
1245 1181 1310 1239 sino
1330 1176 1362 1237 li-

110 1282 165 1344 hro
189 1282 300 1360 scripto
323 1281 466 1343 videatur.
523 1279 696 1363 Quamquam
723 1300 762 1342 ex
792 1300 828 1343 eo
859 1302 915 1344 non
938 1283 1084 1362 sequitur,
1108 1282 1298 1360 Pomponium
1321 1279 1362 1340 illa

111 1385 203 1464 ipsum
232 1385 259 1443 io
292 1383 376 1444 libris
406 1383 568 1444 iuvenisse.
623 1383 720 1446 Nobis
748 1383 805 1446 lroo
832 1387 962 1464 inprimis
991 1385 1204 1447 observatione
1233 1385 1361 1462 dignun,

105 1489 187 1569 quod
211 1488 368 1567 Pomponio
390 1487 547 1568 aliquoties
566 1489 704 1548 convenit
727 1505 788 1548 oum
812 1487 967 1548 Vioentioa
989 1492 1019 1549 et
1042 1488 1194 1549 Vossiaoo
1217 1485 1257 1547 ll.
1281 1489 1317 1547 iis
1336 1487 1361 1546 in

110 1591 201 1666 locis,
225 1590 273 1652 ubi
296 1589 325 1650 hi
348 1590 413 1650 libri
436 1609 454 1651 a
477 1591 707 1668 vetustioribus,
727 1590 889 1652 basileensi
912 1596 942 1651 et
959 1591 1072 1652 Veneta
1087 1590 1204 1668 nuber,
1221 1590 1360 1652 recedant.

111 1693 151 1755 Ut
173 1696 300 1755 fortasse
323 1693 497 1771 Pomponius
521 1693 683 1770 proiecisse
714 1711 753 1754 ex
783 1693 953 1769 Vleeotiou,
984 1692 1080 1755 aliave
1113 1693 1263 1769 editione,
1295 1712 1361 1773 quau

111 1796 291 1859 Viceotinam
314 1796 526 1875 praecesserit,
550 1795 693 1873 putandus
716 1796 767 1859 sit.
811 1798 891 1876 Aut,
914 1798 1058 1871 contraria
1080 1797 1215 1875 ratione,
1239 1815 1256 1857 e
1278 1795 1360 1856 sebo·

111 1899 150 1960 lis
173 1899 322 1979 Pomponii
344 1898 480 1982 nonnulla
503 1898 598 1961 delata
621 1906 690 1961 sunt
713 1901 742 1960 ln
765 1900 956 1961 Viceotinam.
1009 1899 1122 1960 Neutra
1144 1901 1246 1979 inepta
1269 1899 1360 1978 opinio

111 2007 169 2064 est.
213 2003 289 2064 Fieri
312 2002 368 2064 boc
389 2005 473 2064 etiam
496 2002 584 2064 bodie
607 2005 755 2083 videmus,
781 2011 811 2064 ut
833 2022 850 2064 e
872 2003 982 2064 scholis
1003 2005 1128 2063 virorum
1143 2001 1294 2063 doctorum
1309 2002 1360 2063 ali-

100 2107 179 2188 'quid
202 2108 325 2170 dimanet
347 2108 375 2166 ln
399 2106 559 2186 publicum,
582 2109 793 2188 perveniatque
815 2108 850 2167 ad
874 2107 948 2167 alios
968 2108 1047 2167 viros
1062 2106 1186 2182 doctos3
1212 2108 1360 2167 etinctum

110 2213 138 2272 id
162 2215 281 2291 saepius
303 2216 350 2274 est
372 2209 421 2271 illa
442 2213 555 2285 aetate,
584 2229 668 2297 quom
699 2230 754 2290 qno
777 2213 886 2271 minore
900 2230 1023 2276 ¹numero
1046 2209 1112 2270 iibri
1143 2209 1358 2280 scribebantur,

5 2303 12 2314 ’
111 2331 147 2375 eo
170 2313 343 2390 diligentius
374 2316 429 2375 viri
458 2315 535 2374 docti
566 2332 600 2374 se
627 2313 790 2375 observare
817 2316 938 2375 invicem
962 2332 979 2374 e
1002 2312 1179 2392 longinquo,
1209 2315 1360 2394 famamque

111 2418 383 2500 percontarisquid
406 2416 454 2480 bic
477 2416 525 2479 vel
548 2418 598 2478 ille
621 2419 744 2480 sentiret
766 2419 803 2479 de
825 2416 880 2478 bae
904 2417 952 2477 vel
976 2415 1025 2477 illa
1048 2414 1271 2492 re,‘solebaot.
1302 2417 1360 2477 llao

111 2522 160 2582 via
181 2520 294 2583 Ioviani
317 2523 439 2583 Pontaul
463 2529 493 2583 et
515 2522 717 2583 Professorom
739 2520 930 2582 Rornanorum
953 2519 1040 2580 leartio
1063 2520 1090 2577 io
1103 2514 1215 2581 Catuli.
1238 2538 1322 2580 carm.
1341 2542 1359 2580 r.

111 2631 188 2687 extr.
212 2627 334 2687 innotuit
356 2623 487 2686 Palladio
512 2625 623 2702 Posco;
646 2626 684 2685 oi.
708 2624 781 2685 idern
806 2622 952 2685 Palladius
971 2618 1082 2684 Fuscus
1104 2621 1140 2682 ad
1156 2619 1361 2684 Catullcmu.

111 2727 159 2790 vel
184 2751 269 2790 cxrv.
294 2711 325 2790 3.
349 2729 385 2790 de
408 2731 574 2790 coniectura
597 2728 714 2789 loannis
737 2725 914 2805 Phosphori.
966 2726 1004 2786 lit
1027 2725 1180 2803 Pomponii
1205 2727 1318 2807 quidem
1337 2729 1361 2786 io

110 2832 265 2908 Virgilium
289 2835 472 2894 coniecturas
493 2833 745 2913 atque-lectiones
764 2831 847 2890 etiarn
867 2829 993 2907 scriptas
1016 2827 1158 2888 volitasse
1183 2848 1238 2906 per
1259 2828 1362 2891 ltalia·

110 2935 265 3014 probabile
289 2940 344 2997 est.
392 2936 474 2997 llaud
504 2932 598 2998 d'ubie‘
619 2937 692 2996 enim
721 2933 789 2994 illud
822 2931 998 3017 exemplum,
1027 2949 1123 3012 equo
1139 2932 1259 2996 ¹«dietata
1280 2933 1360 2993 Pon·

110 3037 191 3117 ponii
214 3037 377 3116 publicavit
398 3037 503 3099 Daniel
532 3037 689 3115 Gaitanus,
719 3056 774 3097 non
800 3037 909 3096 unicum
932 3036 1002 3111 luit,
1037 3034 1088 3095 sed
1114 3052 1152 3095 ex
1178 3039 1261 3098 tanto
1284 3037 1361 3097 audi-

110 3144 202 3202 torum
226 3159 340 3200 numero
363 3141 441 3204 multi
464 3162 535 3205 suus
559 3143 586 3202 in
610 3161 680 3221 usus
701 3140 788 3200 nrulta
819 3135 969 3200 oschoiis
996 3138 1163 3216 Pomponii,
1189 3144 1221 3201 et
1243 3144 1360 3202 loriasse

110 3243 246 3304 nonnulla
262 3244 441 3323 diligentius,
464 3265 545 3328 quam
568 3247 596 3304 in
609 3244 664 3307 hoc
681 3230 813 3304 Danielis
832 3240 946 3302 Gaitani
970 3240 1120 3318 exemplo,
1142 3247 1359 3304 annotaverant.

109 3346 158 3408 De
181 3350 270 3429 prima
293 3350 444 3429 Pomponii
467 3350 610 3425 editione,
634 3349 790 3414 Brixiaoa,
816 3346 939 3405 disserui
964 3343 1022 3404 illis
1045 3343 1358 3422 rocisposnvossim.

110 3449 219 3512 Ibidem
243 3469 280 3512 ex
304 3452 422 3530 Heynio
446 3451 663 3512 commemoravi
688 3450 806 3526 Virgilii
831 3450 974 3510 editiones
997 3448 1129 3510 Venetas
1152 3447 1188 3509 l..
1207 3450 1249 3511 Α.
1269 3449 1359 3510 luotae

110 3571 179 3629 eas,
210 3574 283 3636 quae
312 3556 436 3616 additum
458 3553 568 3616 habent
596 3554 794 3632 Pomponium.
843 3552 959 3631 Optima
989 3551 1138 3629 Pomponii
1169 3553 1262 3615 editio
1291 3557 1359 3613 recte

111 3655 280 3734 perhibetur
310 3659 491 3721 basileensis
525 3676 578 3736 per
611 3656 745 3718 loannem
777 3656 951 3736 oporinum,
981 3672 1072 3731 anno,
1104 3659 1135 3716 ut
1168 3674 1210 3716 ex
1240 3653 1359 3734 epistola

112 3757 233 3836 Oporini
257 3763 464 3841 nuncupatoria
488 3763 696 3836 cognoscitur,
729 3764 820 3821 loll.
850 3759 983 3835 vulgata.
1028 3759 1076 3819 Ex
1099 3777 1134 3818 ea
1156 3757 1188 3818 bi
1213 3757 1357 3822 Commen-

112 3862 176 3922 tarii
205 3870 402 3941 pervenerunt
431 3865 459 3926 in
491 3863 641 3926 nonnullas
675 3863 795 3940 Virgilii
826 3864 985 3931 editiones,
1008 3863 1129 3942 'quibus
1162 3867 1261 3924 tanuen
1284 3866 1358 3924 cautu

111 3965 260 4041 utendum,
285 3970 314 4029 et
335 3965 384 4028 lrie
407 3967 465 4030 illio
487 3968 522 4027 ad
547 3966 703 4046 Oporinum
725 3966 924 4027 recurrendum
948 3967 1005 4025 est.
1050 3964 1140 4026 Utin
1164 3962 1226 4027 cni
1251 3985 1281 4027 v.
1296 3970 1357 4027 411.

111 4088 185 4150 quae
207 4071 352 4130 sententia
375 4071 523 4149 Pomponii
544 4070 653 4147 luerit,
673 4073 703 4131 et
725 4089 806 4152 quam
829 4075 896 4130 ante
919 4068 1020 4130 oculos
1044 4069 1197 4131 lectionem
1219 4068 1356 4144 babuerit,

111 4193 150 4234 ex
179 4173 400 4236 Basileensibus
433 4175 525 4235 Henr.
555 4174 590 4234 P.
623 4177 715 4235 1561.
749 4176 840 4235 1515.
875 4174 987 4253 percipi
1020 4175 1131 4254 nequit.
1188 4172 1300 4237 Contra
1320 4175 1358 4232 est

112 4280 213 4352 etiam,
245 4278 293 4338 ubi
316 4277 371 4338 hae
393 4277 583 4340 Basileenses
604 4280 697 4340 verba
718 4278 867 4358 Pomponii
889 4277 992 4339 melius
1025 4282 1170 4357 concepta
1205 4275 1357 4348 exhibent,

111 4401 194 4464 quarn
219 4381 387 4463 Oporinos:
410 4378 473 4443 Cir.
496 4383 549 4442 25.
585 4379 587 4386 ’
