2948 4986
106 200 184 273 pas
325 190 327 195 ’
505 182 836 296 ‘bussanuanuo
861 193 900 257 n.
1007 188 1011 195 ’

106 392 175 434 nam
196 372 262 448 eat,
290 371 458 435 litterarum
485 370 615 447 obliuio,
636 371 771 448 seriptum
792 371 998 450 postmortem
1017 367 1234 447 nobilitasse,
1255 362 1331 433 orit.

107 474 173 536 lium
195 482 288 538 autem
311 477 339 537 iu
361 476 441 538 vivis
462 456 536 535 auno
559 478 631 537 735.
654 476 765 550 luisse,
796 490 926 534 caussam
953 472 1101 535 dubitandi
1123 472 1161 555 ule
1181 471 1332 534 testimonio

106 577 276 657 Hieronymi
298 577 418 640 babebit
439 577 567 640 alteram.
611 578 661 640 Ab
683 595 759 639 annu
781 577 853 640 enim
877 581 950 637 651.
977 576 1126 657 usquead
1148 594 1251 637 annum
1267 581 1331 637 iti.

107 683 172 742 anni
196 685 261 743 suut
283 685 403 763 quatuor
423 685 454 743 et
474 681 642 757 octoginta,
669 681 785 758 longum
814 682 894 742 vitae
922 681 1064 760 spatium,
1095 685 1125 742 et
1157 680 1233 762 quod
1262 680 1333 741 attui-

107 785 196 869 bnene
219 783 378 860 Bibaculo,
408 783 463 843 nisi
493 784 601 845 diserta
629 783 745 847 iubeant
771 784 955 864 probatorum
987 787 1131 845 auctorum
1166 769 1331 850 testimonia,
1371 842 1373 846 Α

108 904 164 948 nou
187 886 264 950 lieet.
309 886 440 968 Denique
462 896 583 963 versus,
617 889 664 969 qui
687 887 797 969 quidem
819 887 855 948 ad
878 906 933 949 nos
955 886 1132 968 perventae,
1155 887 1243 949 Furti·
1257 886 1333 948 Biba-

108 990 164 1051 ouli
187 1008 242 1052 non
272 991 457 1072 antiquiorem
484 986 619 1060 Catullo,
649 988 795 1071 aequalem
827 990 976 1067 cluerent,
1005 996 1136 1069 poetnua,
1167 989 1223 1051 sed
1258 991 1335 1070 ipsam

109 1090 212 1156 Catulli
234 1098 373 1171 aetatem,
395 1093 443 1156 vel
465 1094 550 1156 etiam
572 1092 680 1155 saeouli
702 1093 832 1171 Augusti
855 1092 1026 1170 elegantiam
1048 1095 1184 1175 produnt·

171 1196 253 1279 Quae
280 1198 402 1260 sublinit
424 1196 582 1260 Suetonius
608 1197 813 1277 epigrammata
836 1197 890 1259 duo
918 1197 995 1258 Furii
1029 1187 1178 1274 Bibaculi,
1208 1197 1246 1260 Si
1278 1201 1335 1282 pais

106 1303 189 1383 forta
215 1303 274 1362 mei
300 1299 413 1363 dumam
446 1302 591 1376 Catonis,
621 1305 651 1363 et
680 1301 810 1363 Catonia
845 1301 950 1377 modo,
981 1301 1091 1376 Galle,
1124 1296 1335 1377 Tusculanen,

107 1404 177 1464 miro
200 1403 319 1485 quodam
342 1421 410 1465 nasu
433 1404 462 1464 iu
485 1400 617 1466 Codieena
649 1401 755 1467 Catulli
784 1402 1066 1483 Guelplnenbytanum
1095 1404 1151 1466 Nu.
1174 1409 1252 1466 28³.
1273 1403 1334 1466 (lul.

107 1506 187 1569 illata
209 1512 293 1583 suut,
317 1510 402 1590 atque
424 1507 630 1569 inseruaiuter
647 1489 752 1570 Catulli
771 1525 883 1569 carmen
896 1506 978 1569 xvl.
1004 1507 1182 1570 Puedieubo
1198 1504 1263 1589 'epo
1277 1527 1334 1582 uos,

109 1617 139 1674 et
160 1608 258 1672 XVlI.
290 1609 318 1672 0
341 1611 468 1673 Colonia
491 1631 572 1694 puae
592 1615 699 1694 cupis,
718 1626 759 1674 'eo
781 1611 957 1693 ordineque
980 1611 1115 1689 leguntur
1136 1613 1215 1693 apuli
1239 1613 1337 1676 Suete-

109 1716 193 1776 uiuuu.
237 1713 374 1798 Fontasse
396 1714 445 1775 illa
467 1714 617 1796 antiquiori
640 1715 748 1792 audiui,
782 1733 821 1776 ex
843 1732 899 1796 quo
922 1714 1199 1796 Guelpiuerbytanus
1224 1733 1337 1796 expres-

110 1837 177 1892 sos,
200 1817 345 1894 adscripta
366 1817 480 1880 fuerant
504 1817 531 1876 la
554 1819 650 1879 luente
672 1816 754 1894 libri,
783 1817 833 1880 vel
856 1820 883 1879 lu
908 1822 1036 1880 extremo
1059 1819 1150 1894 libro,
1173 1838 1192 1881 a
1215 1819 1337 1894 librante,

110 1923 180 2003 sivo
199 1920 272 2002 qued
297 1924 445 1996 eoguataun
471 1922 575 2001 poesin
599 1922 673 1982 Fauii
696 1921 827 1983 Bibaculi
852 1939 912 1983 eum
934 1919 1187 1985 Catulliana-esse
1210 1923 1337 1999 sentiret,

111 2028 142 2085 ut
164 2016 315 2085 seuusenunt
336 2023 542 2110 Quintilianus,
571 2025 708 2102 Tacitus,
732 2024 904 2102 Diomedes,
933 2026 998 2086 sive
1020 2031 1052 2087 ut
1072 2041 1193 2088 vacuam
1216 2025 1339 2107 expleret

110 2129 263 2209 paginanu3
287 2131 384 2189 noster
406 2132 498 2189 aulem
521 2121 672 2204 libranlus,
705 2129 752 2209 qui
775 2126 1057 2207 Guelpbenbytanum
1079 2131 1217 2208 scripsit,
1240 2149 1274 2192 ea
1293 2144 1339 2208 pru

113 2230 285 2296 Catullianis
306 2230 424 2310 babuit,
443 2233 620 2313 insenuitque
640 2230 809 2292 carminibus
821 2230 938 2295 Catulli,
982 2230 1129 2313 Quomodo
1141 2237 1236 2294 autem
1247 2236 1338 2314 iaetu

113 2339 204 2398 sttui
226 2337 368 2410 insereret
389 2334 444 2396 boe
466 2333 546 2411 loeo,
569 2352 624 2395 neu
647 2334 720 2411 alio,
744 2336 905 2396 coniectura
924 2335 1057 2414 explieo,
1080 2338 1111 2398 ut
1133 2337 1200 2398 uultui
1224 2338 1337 2410 videtur,

112 2442 223 2501 minime
245 2442 352 2518 iuepta.
397 2437 508 2520 Quippe
530 2438 681 2500 tenendum
704 2441 765 2515 est,
792 2441 838 2520 pul
872 2434 900 2498 in
929 2437 1023 2499 multis
1046 2436 1153 2500 Catulli
1175 2439 1340 2502 editionibus
1366 2435 1369 2442 ⁴

113 2545 228 2605 earmiui
241 2542 324 2605 XVI.
345 2544 449 2605 attexli
471 2545 538 2604 sunt
556 2560 661 2603 versus
683 2545 760 2617 tues,
782 2542 820 2604 sa·
842 2543 895 2626 qui
914 2542 996 2622 [orte
1016 2556 1146 2604 mearum
1168 2545 1341 2625 ineptiarum

112 2647 261 2710 Lectores
284 2650 396 2723 eritis,
412 2667 579 2731 maneasque
600 2656 727 2707 oestrus
752 2636 890 2724 (Guelplu.
915 2644 1057 2720 nostrus)
1086 2647 1159 2709 Noa
1187 2627 1340 2709 toarciae

113 2753 274 2818 admouere
295 2751 405 2812 nobis:
424 2752 467 2810 in
495 2748 771 2827 Guelplienbytano,
802 2753 832 2809 ut
853 2749 880 2808 in
902 2747 982 2827 aliis,
1016 2768 1073 2811 non
1101 2748 1158 2812 boe
1187 2749 1271 2829 loeo,
1296 2749 1341 2810 sel

113 2857 226 2916 earnalni
243 2854 327 2916 xiv.
347 2853 462 2913 additos
484 2852 545 2930 legi
567 2857 634 2932 post
657 2870 770 2912 versum
792 2852 899 2914 Sancto·
921 2854 1104 2916 incommoda
1124 2858 1256 2936 pessima·
1273 2873 1340 2938 poa-

113 2971 175 3021 tue.
220 2955 339 3027 Carmen
361 2956 509 3026 XVl.,ita
531 2957 728 3018 eonucluditur:
759 2955 899 3036 ineptatio
923 2954 1062 3035 (Guelpb.
1085 2957 1183 3039 Lepte
1208 2958 1260 3020 set
1282 2973 1341 3019 eur-

114 3065 220 3122 ueetuuu
243 3062 360 3139 postea)
383 3061 463 3122 mole
479 3081 523 3122 me
541 3081 651 3122 murem
662 3064 802 3141 putastis
820 3058 997 3121 Poediculo
1008 3075 1062 3142 epo
1076 3068 1134 3123 voe
1146 3059 1340 3124 et'iuraanubo.

115 3164 173 3226 lanu
195 3163 285 3240 igitur
307 3163 470 3224 conlectura
483 3181 553 3225 ‘mea
574 3162 647 3226 baeu
675 3168 742 3226 est:
770 3165 799 3224 in
831 3164 931 3224 codiee
956 3166 1108 3246 antiquiori
1116 3209 1125 3244 ‚
1157 3184 1197 3227 ex
1219 3185 1274 3248 quo
1295 3165 1340 3225 le-

115 3270 241 3348 seniptus
263 3265 550 3347 Guelpbeubytanus‚
583 3268 744 3347 appositam
773 3266 864 3328 tuisse
883 3263 932 3344 'ad'
960 3286 1073 3329 versum
1103 3267 1246 3348 [sopistis
1273 3266 1341 3330 naula

113 3394 159 3435 aue
180 3358 265 3455 nup,
289 3376 381 3431 uotam
403 3369 581 3432 buniusmodl:
604 3372 655 3432 laio
673 3379 827 3457 ponantur
848 3391 960 3434 aereus
982 3372 1020 3434 Si
1042 3375 1094 3458 qai
1112 3374 1199 3455 forte
1213 3383 1269 3437 ete.
1294 3389 1340 3454 quo

115 3474 301 3553 significahat
329 3473 461 3536 librarius
491 3492 596 3536 versus
624 3474 692 3537 illos
721 3482 781 3538 tres
810 3474 962 3535 demendas
986 3493 1054 3536 esse
1077 3477 1194 3538 uarmlni
1215 3475 1340 3539 xlae

118 3578 264 3640 aduentus
286 3577 352 3639 huie
375 3579 487 3639 earmini
509 3577 592 3640 XVl.
637 3578 681 3642 nt
707 3584 806 3640 noster
828 3577 977 3655 librarius,
1005 3580 1052 3660 qui
1080 3577 1225 3641 boe'non
1248 3576 1339 3641 intelli

116 3685 225 3758 geret,
248 3681 387 3762 deeeptus
408 3681 589 3744 similitudine
612 3683 779 3750 verborum,
801 3680 858 3743 buo
879 3681 977 3743 retulit
999 3701 1104 3743 versus
1127 3682 1281 3745 Bibaculi:
1310 3679 1340 3743 sa·

119 3787 191 3870 pais
212 3786 295 3866 sorte
314 3792 371 3848 mei
392 3786 505 3849 domum
527 3789 584 3848 ete.
628 3787 708 3849 Facit
735 3786 770 3847 ad
793 3784 868 3846 bauo
889 3786 1079 3849 coniecturam
1101 3805 1202 3847 manus
1224 3785 1339 3858 veteris,

118 3906 192 3969 quae
214 3889 241 3947 iu
264 3890 361 3967 priore
381 3891 490 3952 oodieis
513 3888 761 3970 Guelpbeubytani
783 3893 866 3968 parte
887 3887 990 3950 multos
1012 3888 1093 3949 loeus
1116 3890 1266 3968 eornexit,
1293 3887 1340 3949 ob-

119 3993 261 4052 servatio.
305 3991 347 4052 Ba
369 3992 404 4053 aul
427 4012 536 4055 carmen
558 3994 643 4057 XlV.
671 3994 721 4055 ubi
743 3992 879 4070 leguntur
906 4000 1012 4053 versus
1040 3996 1101 4053 tues
1131 3992 1168 4055 so·
1188 3997 1242 4077 pai
1271 3995 1343 4076 sorta

118 4114 250 4156 mearum
272 4099 292 4157 i.
323 4098 379 4157 ete.
406 4097 580 4176 adseripsit:
609 4098 720 4160 denunt
747 4101 776 4160 et
807 4097 842 4162 ad
877 4097 1007 4158 earminis
1039 4095 1122 4158 XVl.
1153 4115 1273 4159 versum
1301 4100 1343 4156 lt.

122 4200 386 4281 heptalismum
406 4221 442 4262 aa.
463 4221 496 4283 p.
519 4205 611 4264 notam
639 4200 733 4263 bano:
764 4203 857 4286 Siqua·
886 4212 916 4264 et
945 4202 1056 4283 reliqui
1083 4208 1148 4262 irae
1170 4222 1283 4264 amane
1303 4201 1344 4263 laio

120 4313 282 4386 ponuntur.
325 4304 389 4367 Fuit
410 4308 504 4367 autem
525 4305 573 4367 illa
603 4324 736 4367 versuum
764 4308 845 4369 trium
868 4323 907 4367 ex
936 4305 1058 4366 carmine
1083 4303 1168 4366 lssV.
1192 4306 1221 4367 in
1243 4319 1345 4368 eannen

124 4407 207 4469 xvi.
231 4406 399 4485 translatio,
424 4407 641 4490 quantum'nnibl
662 4408 773 4491 quidem
796 4412 924 4486 cunstat,
947 4408 1063 4488 palmum
1084 4425 1102 4468 a
1123 4408 1258 4488 Baptista
1275 4407 1346 4471 Gua-

123 4511 367 4594 rinopnoposita·¹
398 4509 505 4593 Novi,
527 4511 654 4594 etquoul
675 4507 898 4592 honaelrrugu·
913 4513 969 4584 sit,
997 4511 1033 4574 in·
1052 4511 1259 4593 epigrammate
1280 4508 1347 4575 ilarii
