2948 4986
107 189 188 262 390
559 176 839 245 nissnnnnnio
860 177 915 241 lv.

174 356 261 419 Hunc
290 352 392 415 libmm
420 368 505 435 quum
533 356 602 417 ante
631 350 736 414 multos
763 369 855 414 annos
883 351 1001 430 primum
1033 350 1206 414 evolverem
1216 390 1229 428 ,
1271 351 1355 413 atatln

110 460 322 524 admirationem
345 458 491 540 qnamdam
514 474 576 519 cum
600 454 782 518 dubitatione
804 455 983 516 coniunctam
1006 454 1072 516 mibi
1092 456 1226 517 incutere
1246 456 1356 516 memini.

111 559 244 639 Deinde,
272 562 337 623 donn
360 561 513 623 crescebat
534 559 702 637 admiratio,
731 576 786 639 qno
816 557 916 637 plures
944 556 1089 636 paullatim
1103 545 1357 621 ¹nanciscebar'll-

111 667 184 728 bros
205 665 363 746 antiquitus
385 681 535 739 excusos,
568 680 685 744 quornm
706 660 812 722 nullum
834 660 993 723 Mutinensi
1014 642 1160 739 similem,
1179 661 1232 722 vel
1256 679 1358 741 cogna-

111 772 168 830 tum
191 787 252 829 eum
283 767 461 845 Mutinensi,
496 767 646 842 videbam,
675 768 826 826 crescente
850 765 935 825 etiam
957 765 1158 840 dubitatione,
1192 769 1225 827 et
1248 764 1359 842 saepius

111 891 147 933 se
170 871 329 941 offerente,
353 875 382 933 et
405 870 486 951 quasi
509 868 699 943 obtundente,
734 869 922 947 quaestione,
957 868 1031 928 unde
1052 871 1109 928 tam
1133 867 1315 945 singularia,
1336 870 1360 927 et

111 979 167 1038 tam
189 974 284 1052 bona,
315 977 428 1054 tonoque
459 972 662 1034 convenientia
684 987 746 1031 oum
768 969 934 1031 melioribus
957 970 1041 1032 libris
1063 972 1204 1050 scriptis,
1231 989 1261 1033 e.
1284 989 1316 1048 g.
1336 975 1361 1032 ut

110 1097 194 1139 nnnm
217 1092 447 1150 commemorem,
482 1073 635 1154 suppletus
658 1073 687 1134 in
710 1072 793 1133 iliris
816 1091 921 1135 versus
944 1074 1077 1150 integer,
1105 1075 1320 1153 pervenissent
1338 1075 1361 1135 in

110 1178 326 1242 Mutinensem:
356 1177 477 1239 ulterius
508 1179 747 1255 circumspicere,
763 1178 828 1252 et,
860 1196 942 1257 quum
970 1183 1056 1238 antea
1085 1176 1176 1238 Diras
1208 1178 1319 1238 tantum
1337 1183 1362 1240 et

110 1282 221 1364 reliqua
243 1281 392 1362 tipusonla
416 1283 610 1357 curavissem,
643 1281 750 1341 maiora
779 1281 864 1342 ctiam
890 1279 1006 1357 Virgilii
1028 1297 1118 1358 opera
1143 1286 1292 1342 excutere
1312 1300 1361 1358 ag-

110 1403 236 1464 gressus
259 1404 341 1462 sunu,
364 1402 400 1446 an
423 1385 500 1446 torte
523 1384 682 1460 vestigium
704 1383 813 1459 fontis,
836 1384 911 1445 unde
933 1383 1081 1444 bansisset
1103 1383 1201 1445 editor
1218 1383 1361 1446 Mutinen-

110 1489 173 1566 sia,
195 1489 362 1566 reperirem.
406 1484 440 1548 ld
462 1487 615 1565 peragenti
634 1486 823 1556 obvenerunt
845 1485 893 1547 bie
906 1485 967 1546 illic
980 1485 1141 1562 singularia
1160 1487 1298 1567 quidem,
1316 1488 1360 1549 sel

111 1608 185 1674 quac
207 1593 300 1652 menen
324 1591 378 1651 iam
401 1589 515 1669 legisse
537 1588 642 1650 alicubi
665 1587 731 1648 mibi
755 1587 904 1649 videbar:
928 1590 955 1649 in
979 1605 1053 1669 quae
1075 1588 1140 1649 dum
1163 1588 1283 1670 inquire
1304 1590 1361 1651 dlli-

95 1693 248 1774 gentius,
282 1693 374 1772 primo
409 1693 566 1752 convenire
595 1690 756 1753 Mutinensi
791 1709 852 1751 cnm
887 1692 1014 1752 editione
1044 1689 1265 1754 Mediolanensi
1295 1693 1361 1772 apul

110 1796 315 1871 Burmannum,
344 1813 418 1876 quae
437 1798 492 1869 ¹est
525 1793 754 1856 Mediolanensls
789 1796 884 1855 ltin.
908 1794 1077 1870 Maittairii3
1111 1812 1180 1854 mox
1216 1800 1361 1877 postquam

111 1896 231 1977 Virgilii
254 1897 407 1958 editionem
430 1897 650 1973 Maittairlanam
673 1902 775 1958 nactus
802 1913 896 1974 eram,
926 1893 1098 1975 expressam
1120 1914 1191 1958 esse
1215 1898 1360 1959 Mutinen-

111 2018 173 2062 sem
196 2020 237 2062 ex
259 1999 471 2061 Mediolanensi
495 2003 589 2060 llil.
613 1998 757 2060 intellexi.
801 1997 986 2062 Conveniunt
1011 2000 1114 2060 omnia.
1160 1999 1256 2081 Quam
1278 2002 1360 2064 Maii·

110 2104 214 2165 tnirins
237 2103 316 2165 dedit
338 2104 473 2164 editionis
508 2102 736 2165 Mediolanensis
758 2099 998 2181 descriptionem,
1026 2105 1088 2165 tota
1113 2106 1202 2164 etiam
1227 2105 1360 2167 convenit

109 2206 141 2267 ln
162 2206 379 2268 Mutinensem:
403 2226 483 2288 qnam
508 2225 546 2267 ex
569 2205 729 2267 Mutinensi
751 2205 920 2283 protulimus
943 2206 1080 2267 insertam
1104 2205 1237 2268 Aeneid.
1254 2208 1279 2268 l.
1301 2211 1360 2269 ante

110 2327 226 2370 versum
251 2312 302 2371 34.
335 2309 567 2386 admonitionem,
601 2309 725 2370 eamdem
756 2305 783 2367 in
812 2307 1024 2369 Mediolanensi
1053 2309 1256 2387 Maittairius,
1287 2328 1359 2391 quan

110 2412 264 2473 Aeneidos
286 2412 527 2491 subscriptionem
556 2413 646 2474 Finis
668 2413 785 2474 Summe
807 2414 864 2471 etc.
896 2413 1020 2473 eamdem
1047 2412 1228 2474 Maittairius
1258 2415 1286 2475 in
1313 2431 1359 2474 sua

110 2514 324 2577 Mediolanensi
347 2515 469 2577 invenit
513 2515 628 2576 Versus
647 2519 687 2575 22
704 2512 832 2574 Aeneid.
856 2512 906 2575 lib.
923 2512 963 2577 11.
983 2519 1055 2576 561.
1079 2532 1145 2596 sqq.
1171 2518 1274 2578 onaissi
1287 2518 1359 2577 erant

111 2617 140 2677 in
163 2617 376 2679 Mediolanensi
407 2617 574 2696 Maittairii,
592 2621 635 2693 ⁸et
663 2617 761 2676 omissi
784 2623 852 2677 sunt
880 2617 909 2677 in
937 2615 1109 2678 Mutinensi.
1154 2617 1274 2680 lleinde
1295 2636 1359 2700 quas

110 2719 288 2781 Maittairius
310 2738 350 2780 ex
372 2720 584 2782 Mediolanensi
608 2719 758 2798 excerpsit
781 2718 937 2780 Variantos
959 2719 1131 2796 Lectiones,
1163 2723 1306 2799 permiras
1325 2739 1359 2781 ex

111 2826 215 2900 parte,
244 2828 275 2884 et
305 2823 391 2885 valde
423 2825 593 2901 mendosas,
628 2827 659 2885 nt
680 2821 745 2884 Ecl·
769 2821 823 2883 Vl.
848 2827 899 2883 65.
924 2822 1036 2899 Georg.
1058 2820 1098 2884 ll.
1125 2828 1197 2886 196.
1224 2824 1303 2886 Aen.
1324 2824 1358 2886 V.

66 2979 70 2988 .
114 2928 186 2986 143.
208 2925 295 2990 vill.
321 2930 393 2986 144.
423 2925 477 2987 lX.
502 2931 574 2988 685.
604 2926 645 2988 Χ.
669 2923 819 2987 540141.
844 2930 916 2987 516.
948 2943 1048 2986 omnes
1070 2925 1100 2986 in
1122 2944 1186 2987 mea
1211 2927 1358 2990 collatione

112 3027 249 3089 editionis
277 3029 455 3090 Mutinensis
484 3030 687 3106 inveniuntur,
725 3031 775 3090 ant
804 3032 911 3089 mnium
940 3046 996 3088 non
1025 3046 1135 3090 omnes.
1180 3028 1358 3111 Quinetiam

111 3128 323 3210 orthographia
352 3130 489 3192 editionis
511 3130 760 3207 Mediolanensis,
796 3134 868 3193 vitia
898 3132 1064 3207 manifesta,
1093 3148 1129 3192 ao
1158 3135 1281 3195 metrum
1303 3139 1357 3196 tur·

108 3231 225 3310 bantla,
254 3234 290 3294 de
317 3233 422 3315 quibus
450 3233 538 3295 rebus
565 3233 742 3311 singularem
771 3235 991 3314 disputationem
1018 3234 1143 3297 institnit
1166 3233 1356 3311 Maittairius,

109 3334 209 3399 adem
230 3338 412 3416 reperiuntur
433 3339 462 3399 in
485 3338 663 3416 Mutinensi,
687 3343 719 3400 ut
740 3341 816 3402 tedii
843 3337 962 3416 esorg,
978 3337 1017 3399 Π.
1049 3342 1121 3398 220.
1151 3339 1269 3403 boerbis
1301 3338 1355 3401 liet

107 3438 149 3502 11.
174 3445 225 3503 49.
248 3445 337 3504 retia
359 3440 489 3504 nctlll.
510 3447 562 3504 75.
585 3443 675 3504 cedit
697 3441 759 3503 Mel.
774 3441 813 3502 V.
833 3447 884 3502 16.
906 3442 982 3504 6666
1005 3440 1137 3503 661111.
1162 3445 1192 3502 6.
1218 3445 1356 3506 acierum

108 3541 306 3608 11611116.
346 3550 442 3628 oiaip3
466 3545 579 3623 Georg.
602 3544 642 3607 ΙΙ.
667 3549 741 3608 469.
779 3545 915 3629 [elapso
945 3544 1056 3620 Georg.
1080 3543 1105 3604 Ι.
1129 3550 1205 3605 200.
1241 3546 1354 3609 baraba

110 3644 222 3721 Georg.
245 3646 270 3707 l.
293 3652 367 3710 250.
391 3649 467 3712 tunm
490 3648 601 3726 Georg.
625 3648 679 3713 lv.
704 3654 777 3711 346.
807 3649 966 3733 Vosiorem
989 3650 1067 3708 Aen.
1089 3646 1145 3709 lX.
1171 3653 1247 3709 ita.
1281 3650 1354 3730 lupi-

110 3747 222 3834 dooop3
245 3748 358 3828 Georg.
383 3751 421 3814 ll.
445 3757 497 3814 34.
520 3758 643 3815 areanis
662 3752 741 3815 Aen.
756 3751 810 3813 lx.
827 3758 880 3814 81.
914 3751 1277 3815 buorentioudueaerit
1293 3752 1352 3813 ibid.

111 3855 184 3913 100.
207 3836 463 3934 comprehendere
485 3855 598 3933 Georg.
621 3854 660 3916 ll.
687 3860 758 3918 104.
835 3857 881 3917 lle
904 3854 1061 3935 Opnscnlis
1084 3872 1123 3917 ex
1146 3854 1354 3919 Mediolanensi

107 3954 179 4017 nibil
202 3956 319 4018 tradidit
339 3956 540 4021 Maittairius:
564 3961 617 4021 666
640 3963 733 4022 tamen
756 3960 810 4020 vix
833 3959 947 4021 dubium
970 3962 1035 4036 est,
1059 3978 1176 4040 quarum
1200 3961 1230 4021 in
1255 3959 1353 4039 Operi·

106 4059 165 4123 bos
187 4065 242 4124 tam
265 4063 406 4123 unanimis
428 4082 589 4125 cornaensus
612 4065 755 4139 cernitur,
789 4063 905 4124 easdem
933 4064 1018 4124 etiam
1051 4064 1079 4124 in
1103 4062 1267 4142 Opusoulis
1290 4081 1353 4125 eon·

107 4166 235 4244 spirare,
268 4170 297 4228 et
327 4167 399 4227 ordo
430 4165 549 4245 saltem,
580 4185 636 4248 quo
666 4166 815 4246 Opuscula
837 4169 973 4228 recenset
995 4165 1192 4242 Maittairius,
1218 4168 1293 4230 idem
1314 4168 1354 4229 esi

106 4269 136 4329 in
160 4268 329 4331 Mutinensi.
380 4268 480 4350 ltaque
503 4270 680 4333 Mutinensis
703 4270 778 4332 haud
801 4271 889 4333 dubie
911 4273 972 4332 tota
994 4287 1137 4349 expressa
1159 4276 1207 4332 est
1231 4290 1271 4333 ex
1292 4272 1352 4334 Me-

107 4370 286 4436 diolanensi:
310 4392 366 4456 qno
388 4373 416 4436 in
438 4391 472 4435 rc
494 4373 563 4434 illud
585 4373 716 4436 mirabile
736 4378 800 4454 est,
831 4393 913 4457 quam
936 4372 1024 4435 celeri
1048 4373 1189 4436 industria
1212 4375 1352 4457 popularis

106 4479 223 4555 noster,
246 4479 372 4542 Vorster
385 4478 421 4541 de
441 4475 634 4559 Campidona,
658 4478 825 4541 industriam
846 4486 933 4560 atque
955 4496 1071 4558 operam
1086 4475 1218 4560 Philippi
1241 4482 1278 4542 de
1301 4479 1351 4541 ba·
