2948 4986
388 188 431 252 ln
454 188 625 254 vttuull
646 186 829 256 0ATONIS
850 186 989 255 muns.
1238 195 1316 266 135

63 363 265 428 existimabat.
309 363 383 426 Nem
404 363 451 426 sio
472 361 671 441 retingendum
692 366 790 447 putot:
819 363 882 428 Seu
901 366 1026 447 fueris,
1049 384 1105 428 eeu
1126 384 1186 427 nou
1206 385 1316 428 meeum

62 472 206 532 morieris
213 510 225 547 ,
252 468 411 553 utrimque.
456 467 530 549 quod
559 466 635 527 huno
663 466 693 527 in
721 485 836 528 sensum
856 458 1085 548 interpretetur:
1115 469 1181 529 sive
1205 472 1317 529 mortue

65 575 125 635 eris
146 590 278 650 meeum,
301 572 367 633 sive
389 590 463 641 non,
488 569 571 632 solve
594 575 714 651 utroque
735 569 829 631 morio.
873 569 951 632 luem
973 574 1138 633 eonieoemt
1159 571 1235 634 Sive
1251 575 1319 635 erio-

64 678 134 754 lm‘e,
159 697 216 739 eeu
238 696 307 739 mon.
333 675 396 750 vel,
420 674 477 736 elio
500 677 641 753 tempore,
672 694 782 737 meeum
801 673 961 738 maerebis.
1005 675 1081 737 Siue
1102 678 1186 754 erio,
1210 684 1264 736 aut
1286 678 1317 737 si

66 800 144 858 mou,
167 776 291 856 legebat
313 779 462 840 Francius.
505 776 629 838 Rectius
648 775 864 838 Wernsdorfius
885 779 914 839 in
936 779 1171 858 interpretatione
1184 778 1317 858 positam

67 903 138 946 esse
161 882 248 944 huius
270 882 328 944 looi
348 881 469 970 sqlutem
493 881 581 942 vidit:
612 872 669 942 etsi
691 879 738 942 hio
765 899 877 963 quoque
905 885 1046 966 utrinque
1072 881 1226 958 legendum
1248 899 1317 944 esse

68 993 187 1060 oenset‚
210 988 274 1047 sine
297 1004 403 1047 caussa
425 986 538 1046 idonee.
583 984 792 1062 Interpretatur
813 989 906 1045 eutem
929 987 985 1047 ite:
1010 984 1087 1047 Sive
1108 988 1171 1047 eris
1194 1003 1316 1063 meeum,

68 1101 96 1154 et
111 1095 142 1153 si
158 1110 218 1152 non
238 1090 318 1166 eris,
334 1089 353 1148 i.
372 1107 399 1149 e.
416 1090 505 1149 vives
516 1106 641 1165 meeum,
653 1093 794 1171 utrinque
805 1109 915 1155 meeum
928 1093 1080 1164 morieris,
1095 1087 1125 1148 h.
1140 1107 1166 1149 e.
1178 1094 1317 1151 utrocun-

70 1213 124 1276 que
147 1193 285 1257 modoid
308 1193 461 1271 evenerit,
484 1210 541 1253 non
564 1191 619 1263 nisl
643 1210 748 1252 meeum
770 1192 920 1253 morieris:
943 1211 1000 1254 non
1023 1174 1096 1254 enirn
1118 1194 1252 1253 memorie
1269 1196 1318 1253 tuo

69 1297 143 1377 apud
168 1315 230 1375 me,
252 1296 308 1357 nisi
330 1314 374 1356 me
396 1297 460 1376 ipso
482 1296 640 1373 moriente,
662 1295 824 1381 intercidet.
858 1294 924 1358 Non
946 1298 1059 1376 inepte,
1083 1299 1114 1357 et
1134 1295 1233 1357 eodem
1254 1297 1318 1357 lere

71 1401 235 1477 sententio,
257 1417 338 1481 quern
361 1417 415 1460 nos
430 1400 585 1480 ,essequuti
608 1418 705 1459 sumus
726 1402 827 1461 nostra
848 1398 1053 1479 explicatione.
1080 1398 1149 1482 ,seu
1171 1398 1238 1460 illud
1261 1399 1318 1460 ol-
1374 1451 1378 1455 .

71 1508 129 1568 stat
151 1501 373 1581 Wernsrlorflo‚
402 1501 479 1583 quod
501 1502 593 1563 omnio
619 1502 740 1582 dooent,
769 1500 908 1566 Catonem
933 1502 1046 1583 Lydiae
1074 1502 1141 1566 vele
1170 1504 1268 1570 dicere
1290 1503 1318 1563 ln

71 1611 248 1687 perpetuum.
293 1604 398 1687 ltaque
420 1608 503 1687 qmlm
525 1604 611 1684 plene
641 1622 696 1665 nou
724 1611 840 1684 speret,
870 1608 944 1671 lore¹
964 1627 1108 1690 umquam,
1141 1610 1172 1670 ut
1193 1608 1257 1686 ipse
1280 1607 1319 1669 m

72 1728 132 1772 oum
155 1708 269 1788 Lydio,
291 1727 347 1770 non
364 1711 468 1789 ‘potest
488 1707 558 1769 illud
580 1707 656 1791 quod
679 1708 743 1771 vult
757 1708 992 1790 Wernsdorfius,
1013 1712 1090 1774 Sive
1111 1715 1175 1775 eris
1196 1732 1318 1791 meeqm,

69 1814 185 1876 dicere.

132 1968 175 2031 v.
199 1970 251 2031 or.
299 1973 506 2034 nxrnnmum
524 1970 675 2027 onumen
692 1956 910 2030 nuvoennus
928 1977 958 2030 n.
977 1973 1111 2032 nunno.
1134 1970 1318 2049 Extremum,

69 2073 144 2155 quod
164 2076 295 2133 extremo
315 2070 378 2131 loeo
395 2070 472 2143 dixi,
491 2087 661 2131 revocemus
678 2071 836 2148 repetendo
856 2071 1060 2132 eonfinnemus.
1083 2073 1318 2127 wunnsoonn.

69 2176 246 2238 Verissime.
271 2195 391 2237 carmen
415 2184 576 2235 extremum
599 2174 645 2234 est
665 2189 771 2233 versus
794 2175 841 2257 qui
862 2174 993 2253 proxime
1015 2173 1176 2252 praeeedit,
1193 2179 1244 2233 96.
1264 2191 1319 2232 ou-

69 2281 114 2341 ius
139 2280 310 2341 sententiem
334 2298 365 2338 v.
389 2283 441 2340 98.
465 2295 548 2357 seqq.
577 2276 700 2355 repetit,
729 2275 897 2355 amplificat,
931 2278 1061 2338 exornat.
1106 2276 1187 2354 Ergo
1211 2275 1319 2342 inutilis

70 2380 240 2445 oonieo'ture
268 2387 315 2444 est
342 2380 474 2443 Heinsil:
503 2382 653 2443 Extrema
675 2410 715 2423 -
739 2399 850 2443 auena.
917 2380 1044 2444 laetare
1072 2380 1148 2442 illut.
1199 2382 1319 2442 tenena

70 2484 147 2548 Ven.
172 2484 279 2548 Achai.
369 2502 372 2506 ·
488 2494 491 2500 '

135 2642 177 2705 V·
201 2645 253 2703 98·
287 2651 568 2725 nunclnnntnlen
587 2650 1180 2718 enlusruunr,nunto1.uunuunn.
1217 2637 1318 2714 Hunc,

71 2750 101 2808 et
124 2746 173 2826 qui
196 2746 353 2824 sequuntur
375 2746 452 2819 tres,
475 2739 572 2803 laudet
594 2740 774 2803 Octavianus
796 2740 957 2804 Miranduln
979 2744 1008 2803 in
1031 2741 1185 2804 illustrium
1202 2741 1318 2804 Poetar.

70 2848 207 2911 floribus
228 2867 259 2927 p.
283 2851 335 2907 29.
358 2864 385 2906 e.
410 2845 456 2905 ed.
480 2845 573 2907 Antv.
601 2850 693 2908 1519.
717 2847 918 2927 componitque
941 2853 998 2909 tum
1022 2864 1082 2907 oum
1106 2834 1226 2923 Virgilii
1248 2865 1320 2907 ver-

71 2953 158 3014 sibus
180 2948 244 3012 uel.
268 2951 293 3011 1.
319 2957 370 3011 69.
393 2968 459 3031 sqq.
483 2951 540 3009 tum
562 2966 623 3010 oum
645 2948 691 3010 his
715 2949 833 3021 Ovidii,
858 2950 952 3030 Epist.
972 2969 1012 3013 ex
1033 2951 1068 3012 P.
1083 2949 1123 3011 li.
1142 2954 1172 3028 4,
1189 2954 1241 3011 25.
1254 2969 1319 3032 sqq.

74 3062 124 3132 ll,
149 3059 180 3115 5.
204 3073 271 3136 sqq.
316 3054 436 3116 tlmnino
459 3051 506 3114 hio
528 3051 686 3131 perpetuus
708 3071 744 3115 eo
765 3053 863 3134 poetis
885 3053 984 3116 latinis
1015 3055 1169 3116 eommunis
1191 3054 1321 3115 omnihus
1362 3032 1364 3044 Ι

71 3161 99 3220 in
123 3157 308 3220 testilioende
329 3156 449 3233 umoris,
472 3153 637 3228 fidelitatis,
667 3159 819 3219 memoriae
841 3159 1003 3220 constantie
1024 3157 1124 3219 modus
1146 3161 1210 3220 ost:
1240 3158 1321 3237 prius

71 3261 132 3324 hoo
150 3261 219 3339 liet,
240 3260 290 3322 vel
313 3259 398 3338 illud,
423 3253 601 3336 oblimatos,
623 3278 704 3341 quem
727 3278 785 3337 ego
809 3262 850 3324 tui
868 3260 1037 3323 obliviscor.
1061 3259 1108 3324 (ll.
1122 3260 1213 3324 ovid.
1227 3260 1320 3321 Trist

71 3365 97 3428 1.
120 3369 153 3426 5.
178 3370 228 3426 ll.
252 3383 317 3446 sqq.
340 3362 393 3424 sed
416 3363 458 3424 ibi
481 3362 585 3424 nullum
608 3357 781 3425 ἀδύνατον.
818 3364 896 3446 fiant
911 3365 1014 3426 Peter.
1029 3363 1138 3426 Medio.
1155 3363 1228 3443 apud
1245 3364 1319 3423 Bur-

72 3486 217 3547 mannum,
240 3468 397 3530 Thueueus
419 3468 528 3531 diserte
555 3471 682 3530 testante
705 3468 849 3547 hossene,
877 3468 973 3530 Paris.
990 3468 1029 3531 11.
1049 3467 1102 3543 111.
1123 3464 1176 3528 lv.
1199 3465 1320 3543 Anglio.

71 3573 205 3650 August.
227 3571 344 3634 Moneo.
368 3570 392 3631 Ι.
416 3569 454 3632 ll.
477 3569 600 3633 Vretisl.
623 3569 648 3631 l.
671 3571 801 3633 Romana
823 3569 848 3632 l.
870 3572 987 3634 Veneto
1015 3569 1122 3633 Achai.
1145 3569 1322 3632 Mutinensis

74 3695 139 3761 oum¹
158 3674 224 3736 ood.
248 3675 339 3736 Besil.
372 3674 445 3756 fient
467 3674 595 3736 Rommm
616 3673 657 3734 11.
679 3674 813 3736 Venetae
835 3673 913 3737 liuh.
937 3677 968 3736 et
986 3672 1126 3753 lomoni,
1149 3674 1319 3744 Vioentine,

73 3798 135 3840 eum
157 3778 250 3841 Voss.
274 3778 312 3841 ΙΙ.
336 3777 458 3841 Vretisl.
481 3776 520 3855 ll.
543 3782 573 3838 et
596 3779 726 3840 editores
748 3777 850 3859 reliqui
874 3795 964 3859 usque
982 3777 1018 3839 erl
1036 3779 1233 3841 recentissime
1248 3782 1322 3840 tem-

75 3901 156 3962 pore.
201 3881 301 3963 Atque
321 3883 410 3964 fient,
433 3884 464 3943 et
486 3899 574 3941 versu
597 3901 661 3964 seq.
684 3891 825 3958 cernent,
849 3881 884 3943 P.
907 3881 1032 3944 Bombos
1055 3881 1120 3942 tro.
1144 3882 1180 3942 de
1203 3879 1320 3962 Culioe,

76 3986 122 4047 ubi
146 3983 223 4046 lrunu
247 4004 361 4046 versum
383 3985 498 4063 laudet,
521 3986 621 4065 etqui
643 3990 800 4066 sequuntur
817 3987 958 4068 quinque:
982 3985 1056 4047 unde
1074 3987 1165 4046 temen
1184 4004 1241 4046 non
1258 3984 1321 4047 ool-

75 4089 213 4166 legerim,
234 4089 308 4171 lieet
328 4090 438 4166 luisse,
467 4093 498 4151 et
519 4099 658 4165 cernent,
690 4091 718 4150 in
746 4091 847 4150 codiee
875 4088 987 4177 Bembi.
1032 4089 1169 4150 Proiecto
1197 4108 1246 4150 res
1276 4091 1322 4151 est

74 4192 203 4270 ambigui
228 4193 340 4256 iudicii:
363 4211 426 4252 nem
449 4193 522 4273 quod
547 4212 634 4272 supra
656 4178 687 4252 u.
711 4195 740 4254 l.
765 4198 795 4252 5.
820 4200 849 4254 6.
890 4191 963 4255 Ceto
986 4195 1088 4255 futuris
1111 4213 1181 4254 usus
1205 4197 1267 4269 est,
1291 4192 1323 4253 et

75 4297 152 4379 quod
174 4295 230 4357 hoo
251 4296 317 4358 loeo
339 4297 477 4374 futurum,
506 4297 695 4378 mipratunt,
724 4298 842 4359 subiicit
863 4318 894 4357 v.
921 4303 991 4359 199.
1017 4316 1074 4358 non
1097 4299 1244 4378 sequitur,
1273 4296 1321 4356 hio

76 4419 190 4482 quoque
211 4401 306 4461 loturo
329 4418 403 4482 opus
426 4419 505 4462 esse.
534 4398 660 4475 Praetuli
682 4405 776 4463 temen
798 4401 918 4462 futurum
937 4405 1075 4485 tamquam
1090 4401 1204 4463 lortius.
1256 4419 1320 4462 mo-

73 4503 123 4568 lia
144 4502 242 4567 Poris.
264 4502 304 4566 11.
326 4503 382 4566 sed
402 4522 491 4586 supro
511 4503 610 4568 addito
632 4504 654 4566 l.
699 4506 794 4569 durat
814 4505 909 4568 Paris.
930 4503 986 4569 IV.
