<?xml version="1.0" encoding="UTF-8"?>
<!DOCTYPE html PUBLIC "-//W3C//DTD XHTML 1.0 Transitional//EN"
    "http://www.w3.org/TR/xhtml1/DTD/xhtml1-transitional.dtd">
<html xmlns="http://www.w3.org/1999/xhtml" xml:lang="en" lang="en">
 <head>
  <title>
</title>
<meta http-equiv="Content-Type" content="text/html;charset=utf-8" />
  <meta name='ocr-system' content='tesseract 3.04.00' />
  <meta name='ocr-capabilities' content='ocr_page ocr_carea ocr_par ocr_line ocrx_word'/>
</head>
<body>
  <div class='ocr_page' id='page_1' title='image "./carminavaleriic00catogoog_0133.png"; bbox 0 0 2948 4986; ppageno 0'>
   <div class='ocr_carea' id='block_1_1' title="bbox 174 180 1006 258">
    <p class='ocr_par' dir='ltr' id='par_1_1' title="bbox 174 180 1006 258">
     <span class='ocr_line' id='line_1_1' title="bbox 174 180 1006 258; baseline -0.02 1"><span class='ocrx_word' id='word_1_1' title='bbox 174 191 252 258; x_wconf 88' lang='grc'><strong>116</strong></span> <span class='ocrx_word' id='word_1_2' title='bbox 606 180 1006 248; x_wconf 73' lang='lat' dir='ltr'><strong>Antmnnvnitslonns</strong></span> 
     </span>
    </p>
   </div>
   <div class='ocr_carea' id='block_1_2' title="bbox 176 355 1466 4573">
    <p class='ocr_par' dir='ltr' id='par_1_2' title="bbox 176 355 1466 4573">
     <span class='ocr_line' id='line_1_2' title="bbox 176 355 1430 436; baseline -0.002 -17"><span class='ocrx_word' id='word_1_3' title='bbox 176 359 318 419; x_wconf 82' lang='lat' dir='ltr'><strong>tensionis</strong></span> <span class='ocrx_word' id='word_1_4' title='bbox 341 357 449 434; x_wconf 83' lang='lat' dir='ltr'><strong>habet,</strong></span> <span class='ocrx_word' id='word_1_5' title='bbox 472 357 596 418; x_wconf 87' lang='lat' dir='ltr'><strong>eamdem</strong></span> <span class='ocrx_word' id='word_1_6' title='bbox 619 357 703 418; x_wconf 87' lang='lat' dir='ltr'><strong>brevi</strong></span> <span class='ocrx_word' id='word_1_7' title='bbox 726 357 822 436; x_wconf 88' lang='lat' dir='ltr'><strong>spatio</strong></span> <span class='ocrx_word' id='word_1_8' title='bbox 843 356 892 417; x_wconf 79' lang='lat' dir='ltr'><strong>lrls</strong></span> <span class='ocrx_word' id='word_1_9' title='bbox 914 355 1012 416; x_wconf 89' lang='lat' dir='ltr'><strong>inierrl</strong></span> <span class='ocrx_word' id='word_1_10' title='bbox 1035 373 1155 417; x_wconf 85' lang='lat' dir='ltr'><strong>vocem:</strong></span> <span class='ocrx_word' id='word_1_11' title='bbox 1180 355 1357 417; x_wconf 83' lang='lat' dir='ltr'><strong>monebimus</strong></span> <span class='ocrx_word' id='word_1_12' title='bbox 1379 357 1430 416; x_wconf 90' lang='lat' dir='ltr'><strong>in-</strong></span> 
     </span>
     <span class='ocr_line' id='line_1_3' title="bbox 177 457 1423 540; baseline 0 -19"><span class='ocrx_word' id='word_1_13' title='bbox 177 465 244 534; x_wconf 89' lang='lat' dir='ltr'><strong>l&#39;ra,</strong></span> <span class='ocrx_word' id='word_1_14' title='bbox 268 467 298 524; x_wconf 90' lang='lat' dir='ltr'><strong>et</strong></span> <span class='ocrx_word' id='word_1_15' title='bbox 320 463 426 540; x_wconf 90' lang='lat' dir='ltr'><strong>passim</strong></span> <span class='ocrx_word' id='word_1_16' title='bbox 449 459 547 536; x_wconf 89' lang='lat' dir='ltr'><strong>locos,</strong></span> <span class='ocrx_word' id='word_1_17' title='bbox 571 461 617 540; x_wconf 88' lang='lat' dir='ltr'><strong>qui</strong></span> <span class='ocrx_word' id='word_1_18' title='bbox 640 459 695 521; x_wconf 87' lang='lat' dir='ltr'><strong>lrac</strong></span> <span class='ocrx_word' id='word_1_19' title='bbox 717 461 881 521; x_wconf 88' lang='lat' dir='ltr'><strong>decaussa</strong></span> <span class='ocrx_word' id='word_1_20' title='bbox 902 460 1000 519; x_wconf 90' lang='lat' dir='ltr'><strong>vitiosi</strong></span> <span class='ocrx_word' id='word_1_21' title='bbox 1024 457 1072 520; x_wconf 88' lang='lat' dir='ltr'><strong>vel</strong></span> <span class='ocrx_word' id='word_1_22' title='bbox 1092 458 1215 520; x_wconf 88' lang='lat' dir='ltr'><strong>Heinsio</strong></span> <span class='ocrx_word' id='word_1_23' title='bbox 1233 459 1423 539; x_wconf 79' lang='lat' dir='ltr'><strong>videbantur,</strong></span> 
     </span>
     <span class='ocr_line' id='line_1_4' title="bbox 177 563 1424 641; baseline 0.001 -18"><span class='ocrx_word' id='word_1_24' title='bbox 177 563 226 624; x_wconf 90' lang='lat' dir='ltr'><strong>vel</strong></span> <span class='ocrx_word' id='word_1_25' title='bbox 251 564 429 634; x_wconf 79' lang='lat' dir='ltr'><strong>Burmanno,</strong></span> <span class='ocrx_word' id='word_1_26' title='bbox 452 564 668 624; x_wconf 75' lang='lat' dir='ltr'><strong>vindicavimus.</strong></span> <span class='ocrx_word' id='word_1_27' title='bbox 703 563 746 624; x_wconf 79' lang='lat' dir='ltr'><strong>At</strong></span> <span class='ocrx_word' id='word_1_28' title='bbox 769 563 869 624; x_wconf 88' lang='lat' dir='ltr'><strong>eodem</strong></span> <span class='ocrx_word' id='word_1_29' title='bbox 892 581 961 622; x_wconf 88' lang='lat' dir='ltr'><strong>casu</strong></span> <span class='ocrx_word' id='word_1_30' title='bbox 984 563 1106 641; x_wconf 88' lang='lat' dir='ltr'><strong>positam</strong></span> <span class='ocrx_word' id='word_1_31' title='bbox 1126 563 1239 640; x_wconf 89' lang='lat' dir='ltr'><strong>repeti,</strong></span> <span class='ocrx_word' id='word_1_32' title='bbox 1262 567 1295 624; x_wconf 91' lang='lat' dir='ltr'><strong>et</strong></span> <span class='ocrx_word' id='word_1_33' title='bbox 1317 563 1424 629; x_wconf 84' lang='lat' dir='ltr'><strong>dnobus</strong></span> 
     </span>
     <span class='ocr_line' id='line_1_5' title="bbox 179 664 1420 748; baseline 0.002 -22"><span class='ocrx_word' id='word_1_34' title='bbox 179 669 317 729; x_wconf 86' lang='lat' dir='ltr'><strong>versilrus</strong></span> <span class='ocrx_word' id='word_1_35' title='bbox 339 668 484 728; x_wconf 79' lang='lat' dir='ltr'><strong>continuis</strong></span> <span class='ocrx_word' id='word_1_36' title='bbox 507 667 606 728; x_wconf 82' lang='lat' dir='ltr'><strong>inferri</strong></span> <span class='ocrx_word' id='word_1_37' title='bbox 629 671 684 728; x_wconf 84' lang='lat' dir='ltr'><strong>tam</strong></span> <span class='ocrx_word' id='word_1_38' title='bbox 707 669 783 731; x_wconf 87' lang='lat' dir='ltr'><strong>inter</strong></span> <span class='ocrx_word' id='word_1_39' title='bbox 804 684 837 727; x_wconf 90' lang='lat' dir='ltr'><strong>se</strong></span> <span class='ocrx_word' id='word_1_40' title='bbox 859 666 963 727; x_wconf 84' lang='lat' dir='ltr'><strong>similia</strong></span> <span class='ocrx_word' id='word_1_41' title='bbox 985 670 1072 748; x_wconf 88' lang='lat' dir='ltr'><strong>atquc</strong></span> <span class='ocrx_word' id='word_1_42' title='bbox 1090 664 1237 747; x_wconf 90' lang='lat' dir='ltr'><strong>aequalia,</strong></span> <span class='ocrx_word' id='word_1_43' title='bbox 1260 668 1351 729; x_wconf 81' lang='lat' dir='ltr'><strong>civiti</strong></span> <span class='ocrx_word' id='word_1_44' title='bbox 1366 672 1420 728; x_wconf 86' lang='lat' dir='ltr'><strong>eri-</strong></span> 
     </span>
     <span class='ocr_line' id='line_1_6' title="bbox 178 769 1463 853; baseline -0.001 -22"><span class='ocrx_word' id='word_1_45' title='bbox 178 775 274 848; x_wconf 80' lang='lat' dir='ltr'><strong>mine,</strong></span> <span class='ocrx_word' id='word_1_46' title='bbox 302 782 476 853; x_wconf 83' lang='lat' dir='ltr'><strong>praetorum</strong></span> <span class='ocrx_word' id='word_1_47' title='bbox 507 773 647 846; x_wconf 80' lang='lat' dir='ltr'><strong>crimine,</strong></span> <span class='ocrx_word' id='word_1_48' title='bbox 676 769 703 830; x_wconf 93' lang='lat' dir='ltr'><strong>id</strong></span> <span class='ocrx_word' id='word_1_49' title='bbox 735 788 806 831; x_wconf 89' lang='lat' dir='ltr'><strong>vero</strong></span> <span class='ocrx_word' id='word_1_50' title='bbox 835 771 1031 831; x_wconf 88' lang='lat' dir='ltr'><strong>inconcinnum</strong></span> <span class='ocrx_word' id='word_1_51' title='bbox 1059 772 1146 849; x_wconf 88' lang='lat' dir='ltr'><strong>atque</strong></span> <span class='ocrx_word' id='word_1_52' title='bbox 1175 770 1313 845; x_wconf 88' lang='lat' dir='ltr'><strong>ieiunum,</strong></span> <span class='ocrx_word' id='word_1_53' title='bbox 1345 772 1420 849; x_wconf 78' lang='lat' dir='ltr'><strong>etiam</strong></span> <span class='ocrx_word' id='word_1_54' title='bbox 1459 846 1463 851; x_wconf 15' lang='grc' dir='ltr'><strong>Δ</strong></span> 
     </span>
     <span class='ocr_line' id='line_1_7' title="bbox 180 872 1419 957; baseline -0.001 -22"><span class='ocrx_word' id='word_1_55' title='bbox 180 875 311 936; x_wconf 57' lang='lat' dir='ltr'><strong>Catonia</strong></span> <span class='ocrx_word' id='word_1_56' title='bbox 341 874 438 957; x_wconf 75' lang='lat' dir='ltr'><strong>Quare</strong></span> <span class='ocrx_word' id='word_1_57' title='bbox 460 873 609 952; x_wconf 75' lang='lat' dir='ltr'><strong>sapienter</strong></span> <span class='ocrx_word' id='word_1_58' title='bbox 631 872 679 933; x_wconf 89' lang='lat' dir='ltr'><strong>alii</strong></span> <span class='ocrx_word' id='word_1_59' title='bbox 701 873 921 949; x_wconf 72' lang='lat' dir='ltr'><strong>nominativum,</strong></span> <span class='ocrx_word' id='word_1_60' title='bbox 952 872 999 932; x_wconf 90' lang='lat' dir='ltr'><strong>vel</strong></span> <span class='ocrx_word' id='word_1_61' title='bbox 1025 874 1209 950; x_wconf 89' lang='lat' dir='ltr'><strong>vocativum,</strong></span> <span class='ocrx_word' id='word_1_62' title='bbox 1232 875 1419 952; x_wconf 83' lang='lat' dir='ltr'><strong>reponendum</strong></span> 
     </span>
     <span class='ocr_line' id='line_1_8' title="bbox 181 975 1418 1055; baseline -0.002 -16"><span class='ocrx_word' id='word_1_63' title='bbox 181 996 251 1040; x_wconf 90' lang='lat' dir='ltr'><strong>esse</strong></span> <span class='ocrx_word' id='word_1_64' title='bbox 275 980 461 1050; x_wconf 80' lang='lat' dir='ltr'><strong>censuerunt,</strong></span> <span class='ocrx_word' id='word_1_65' title='bbox 484 980 515 1037; x_wconf 92' lang='lat' dir='ltr'><strong>ut</strong></span> <span class='ocrx_word' id='word_1_66' title='bbox 538 977 577 1036; x_wconf 92' lang='lat' dir='ltr'><strong>sit</strong></span> <span class='ocrx_word' id='word_1_67' title='bbox 600 976 798 1054; x_wconf 73' lang='lat' dir='ltr'><strong>epexegesis,</strong></span> <span class='ocrx_word' id='word_1_68' title='bbox 820 976 886 1037; x_wconf 90' lang='lat' dir='ltr'><strong>sive</strong></span> <span class='ocrx_word' id='word_1_69' title='bbox 901 978 1056 1055; x_wconf 88' lang='lat' dir='ltr'><strong>appositio.</strong></span> <span class='ocrx_word' id='word_1_70' title='bbox 1092 976 1145 1037; x_wconf 87' lang='lat' dir='ltr'><strong>Sic</strong></span> <span class='ocrx_word' id='word_1_71' title='bbox 1160 975 1340 1054; x_wconf 83' lang='lat' dir='ltr'><strong>Salmasius,</strong></span> <span class='ocrx_word' id='word_1_72' title='bbox 1355 977 1418 1047; x_wconf 79' lang='lat' dir='ltr'><strong>liur-</strong></span> 
     </span>
     <span class='ocr_line' id='line_1_9' title="bbox 179 1077 1419 1162; baseline 0.001 -21"><span class='ocrx_word' id='word_1_73' title='bbox 179 1099 280 1143; x_wconf 88' lang='lat' dir='ltr'><strong>manno</strong></span> <span class='ocrx_word' id='word_1_74' title='bbox 304 1081 464 1153; x_wconf 82' lang='lat' dir='ltr'><strong>referente,</strong></span> <span class='ocrx_word' id='word_1_75' title='bbox 487 1077 606 1160; x_wconf 84' lang='lat' dir='ltr'><strong>legebat</strong></span> <span class='ocrx_word' id='word_1_76' title='bbox 628 1091 784 1162; x_wconf 84' lang='lat' dir='ltr'><strong>raptorum</strong></span> <span class='ocrx_word' id='word_1_77' title='bbox 806 1084 932 1154; x_wconf 83' lang='lat' dir='ltr'><strong>crimea,</strong></span> <span class='ocrx_word' id='word_1_78' title='bbox 957 1083 987 1141; x_wconf 89' lang='lat' dir='ltr'><strong>et</strong></span> <span class='ocrx_word' id='word_1_79' title='bbox 1008 1079 1147 1141; x_wconf 83' lang='lat' dir='ltr'><strong>Heinsius</strong></span> <span class='ocrx_word' id='word_1_80' title='bbox 1166 1092 1345 1162; x_wconf 81' lang='lat' dir='ltr'><strong>praetorum</strong></span> <span class='ocrx_word' id='word_1_81' title='bbox 1364 1085 1419 1142; x_wconf 73' lang='lat' dir='ltr'><strong>cri-</strong></span> 
     </span>
     <span class='ocr_line' id='line_1_10' title="bbox 178 1182 1419 1264; baseline -0.002 -17"><span class='ocrx_word' id='word_1_82' title='bbox 178 1206 260 1260; x_wconf 85' lang='lat' dir='ltr'><strong>men,</strong></span> <span class='ocrx_word' id='word_1_83' title='bbox 291 1183 364 1264; x_wconf 89' lang='lat' dir='ltr'><strong>quod</strong></span> <span class='ocrx_word' id='word_1_84' title='bbox 396 1182 487 1245; x_wconf 87' lang='lat' dir='ltr'><strong>edidit</strong></span> <span class='ocrx_word' id='word_1_85' title='bbox 508 1183 738 1245; x_wconf 85' lang='lat' dir='ltr'><strong>Werusdorfius.</strong></span> <span class='ocrx_word' id='word_1_86' title='bbox 788 1183 893 1245; x_wconf 82' lang='lat' dir='ltr'><strong>Mirum</strong></span> <span class='ocrx_word' id='word_1_87' title='bbox 922 1201 1013 1260; x_wconf 89' lang='lat' dir='ltr'><strong>vero,</strong></span> <span class='ocrx_word' id='word_1_88' title='bbox 1042 1187 1153 1245; x_wconf 83' lang='lat' dir='ltr'><strong>crimen</strong></span> <span class='ocrx_word' id='word_1_89' title='bbox 1180 1183 1317 1246; x_wconf 86' lang='lat' dir='ltr'><strong>maluisse</strong></span> <span class='ocrx_word' id='word_1_90' title='bbox 1347 1185 1419 1245; x_wconf 90' lang='lat' dir='ltr'><strong>viros</strong></span> 
     </span>
     <span class='ocr_line' id='line_1_11' title="bbox 179 1286 1420 1368; baseline 0 -20"><span class='ocrx_word' id='word_1_91' title='bbox 179 1292 284 1349; x_wconf 90' lang='lat' dir='ltr'><strong>doctos</strong></span> <span class='ocrx_word' id='word_1_92' title='bbox 306 1306 404 1368; x_wconf 91' lang='lat' dir='ltr'><strong>quam,</strong></span> <span class='ocrx_word' id='word_1_93' title='bbox 427 1286 501 1368; x_wconf 89' lang='lat' dir='ltr'><strong>quud</strong></span> <span class='ocrx_word' id='word_1_94' title='bbox 525 1286 659 1347; x_wconf 85' lang='lat' dir='ltr'><strong>librorum</strong></span> <span class='ocrx_word' id='word_1_95' title='bbox 682 1286 854 1347; x_wconf 85' lang='lat' dir='ltr'><strong>auctoritate</strong></span> <span class='ocrx_word' id='word_1_96' title='bbox 873 1289 1054 1347; x_wconf 88' lang='lat' dir='ltr'><strong>tantumnon</strong></span> <span class='ocrx_word' id='word_1_97' title='bbox 1073 1288 1193 1347; x_wconf 90' lang='lat' dir='ltr'><strong>omnium</strong></span> <span class='ocrx_word' id='word_1_98' title='bbox 1209 1288 1420 1366; x_wconf 83' lang='lat' dir='ltr'><strong>comprobatur,</strong></span> 
     </span>
     <span class='ocr_line' id='line_1_12' title="bbox 180 1378 1420 1471; baseline -0.003 -18"><span class='ocrx_word' id='word_1_99' title='bbox 180 1395 317 1453; x_wconf 81' lang='lat' dir='ltr'><strong>erimina.</strong></span> <span class='ocrx_word' id='word_1_100' title='bbox 361 1391 499 1452; x_wconf 81' lang='lat' dir='ltr'><strong>Fortasse</strong></span> <span class='ocrx_word' id='word_1_101' title='bbox 522 1389 678 1450; x_wconf 85' lang='lat' dir='ltr'><strong>haeserunt</strong></span> <span class='ocrx_word' id='word_1_102' title='bbox 700 1391 728 1449; x_wconf 91' lang='lat' dir='ltr'><strong>iu</strong></span> <span class='ocrx_word' id='word_1_103' title='bbox 753 1378 890 1450; x_wconf 82' lang='lat' dir='ltr'><strong>elisione:</strong></span> <span class='ocrx_word' id='word_1_104' title='bbox 921 1389 958 1449; x_wconf 88' lang='lat' dir='ltr'><strong>de</strong></span> <span class='ocrx_word' id='word_1_105' title='bbox 987 1408 1041 1471; x_wconf 91' lang='lat' dir='ltr'><strong>qua</strong></span> <span class='ocrx_word' id='word_1_106' title='bbox 1069 1391 1142 1452; x_wconf 90' lang='lat' dir='ltr'><strong>satis</strong></span> <span class='ocrx_word' id='word_1_107' title='bbox 1171 1410 1224 1450; x_wconf 89' lang='lat' dir='ltr'><strong>nos</strong></span> <span class='ocrx_word' id='word_1_108' title='bbox 1246 1392 1323 1451; x_wconf 81' lang='lat' dir='ltr'><strong>inira</strong></span> <span class='ocrx_word' id='word_1_109' title='bbox 1346 1392 1420 1451; x_wconf 83' lang='lat' dir='ltr'><strong>liius.</strong></span> 
     </span>
     <span class='ocr_line' id='line_1_13' title="bbox 180 1491 1420 1574; baseline -0.002 -17"><span class='ocrx_word' id='word_1_110' title='bbox 180 1495 234 1557; x_wconf 91' lang='lat' dir='ltr'><strong>lll.</strong></span> <span class='ocrx_word' id='word_1_111' title='bbox 259 1497 384 1557; x_wconf 80' lang='lat' dir='ltr'><strong>crimino</strong></span> <span class='ocrx_word' id='word_1_112' title='bbox 407 1494 494 1556; x_wconf 88' lang='lat' dir='ltr'><strong>etiam</strong></span> <span class='ocrx_word' id='word_1_113' title='bbox 514 1491 635 1554; x_wconf 87' lang='lat' dir='ltr'><strong>volebat</strong></span> <span class='ocrx_word' id='word_1_114' title='bbox 653 1492 811 1570; x_wconf 81' lang='lat' dir='ltr'><strong>Scaliger,</strong></span> <span class='ocrx_word' id='word_1_115' title='bbox 834 1493 889 1553; x_wconf 89' lang='lat' dir='ltr'><strong>uisi</strong></span> <span class='ocrx_word' id='word_1_116' title='bbox 906 1492 1007 1553; x_wconf 76' lang='lat' dir='ltr'><strong>tollor.</strong></span> <span class='ocrx_word' id='word_1_117' title='bbox 1044 1493 1222 1573; x_wconf 83' lang='lat' dir='ltr'><strong>Aptissinus</strong></span> <span class='ocrx_word' id='word_1_118' title='bbox 1245 1498 1341 1555; x_wconf 87' lang='lat' dir='ltr'><strong>autem</strong></span> <span class='ocrx_word' id='word_1_119' title='bbox 1362 1493 1420 1574; x_wconf 91' lang='lat' dir='ltr'><strong>plu-</strong></span> 
     </span>
     <span class='ocr_line' id='line_1_14' title="bbox 182 1596 1420 1685; baseline -0.002 -25"><span class='ocrx_word' id='word_1_120' title='bbox 182 1599 252 1660; x_wconf 91' lang='lat' dir='ltr'><strong>ralis</strong></span> <span class='ocrx_word' id='word_1_121' title='bbox 275 1602 416 1673; x_wconf 82' lang='lat' dir='ltr'><strong>crimino,</strong></span> <span class='ocrx_word' id='word_1_122' title='bbox 447 1615 529 1678; x_wconf 88' lang='lat' dir='ltr'><strong>quum</strong></span> <span class='ocrx_word' id='word_1_123' title='bbox 557 1597 652 1665; x_wconf 83' lang='lat' dir='ltr'><strong>statim</strong></span> <span class='ocrx_word' id='word_1_124' title='bbox 682 1602 819 1677; x_wconf 91' lang='lat' dir='ltr'><strong>sequatur</strong></span> <span class='ocrx_word' id='word_1_125' title='bbox 840 1596 960 1676; x_wconf 90' lang='lat' dir='ltr'><strong>pluralis</strong></span> <span class='ocrx_word' id='word_1_126' title='bbox 982 1596 1088 1685; x_wconf 73' lang='lat' dir='ltr'><strong>apelli.</strong></span> <span class='ocrx_word' id='word_1_127' title='bbox 1134 1598 1214 1658; x_wconf 85' lang='lat' dir='ltr'><strong>Bona</strong></span> <span class='ocrx_word' id='word_1_128' title='bbox 1243 1601 1293 1663; x_wconf 84' lang='lat' dir='ltr'><strong>est</strong></span> <span class='ocrx_word' id='word_1_129' title='bbox 1315 1597 1420 1659; x_wconf 88' lang='lat' dir='ltr'><strong>Heinsii</strong></span> 
     </span>
     <span class='ocr_line' id='line_1_15' title="bbox 182 1696 1420 1782; baseline 0 -20"><span class='ocrx_word' id='word_1_130' title='bbox 182 1702 217 1762; x_wconf 92' lang='lat' dir='ltr'><strong>ad</strong></span> <span class='ocrx_word' id='word_1_131' title='bbox 241 1701 270 1762; x_wconf 86' lang='lat' dir='ltr'><strong>lu.</strong></span> <span class='ocrx_word' id='word_1_132' title='bbox 294 1700 315 1761; x_wconf 90' lang='lat' dir='ltr'><strong>l.</strong></span> <span class='ocrx_word' id='word_1_133' title='bbox 338 1700 524 1777; x_wconf 80' lang='lat' dir='ltr'><strong>observatio,</strong></span> <span class='ocrx_word' id='word_1_134' title='bbox 547 1701 594 1761; x_wconf 90' lang='lat' dir='ltr'><strong>sic</strong></span> <span class='ocrx_word' id='word_1_135' title='bbox 615 1698 710 1760; x_wconf 91' lang='lat' dir='ltr'><strong>solere</strong></span> <span class='ocrx_word' id='word_1_136' title='bbox 733 1696 871 1761; x_wconf 85' lang='lat' dir='ltr'><strong>Catonem</strong></span> <span class='ocrx_word' id='word_1_137' title='bbox 893 1701 1013 1782; x_wconf 78' lang='lat' dir='ltr'><strong>apollon</strong></span> <span class='ocrx_word' id='word_1_138' title='bbox 1036 1700 1135 1762; x_wconf 83' lang='lat' dir='ltr'><strong>dicere</strong></span> <span class='ocrx_word' id='word_1_139' title='bbox 1149 1719 1235 1777; x_wconf 86' lang='lat' dir='ltr'><strong>suos,</strong></span> <span class='ocrx_word' id='word_1_140' title='bbox 1260 1718 1318 1762; x_wconf 89' lang='lat' dir='ltr'><strong>non</strong></span> <span class='ocrx_word' id='word_1_141' title='bbox 1340 1703 1420 1782; x_wconf 79' lang='lat' dir='ltr'><strong>opet-</strong></span> 
     </span>
     <span class='ocr_line' id='line_1_16' title="bbox 182 1801 1420 1885; baseline -0.002 -19"><span class='ocrx_word' id='word_1_142' title='bbox 182 1808 267 1867; x_wconf 79' lang='lat' dir='ltr'><strong>lnoa-</strong></span> <span class='ocrx_word' id='word_1_143' title='bbox 296 1801 344 1866; x_wconf 84' lang='lat' dir='ltr'><strong>Ct&#39;.</strong></span> <span class='ocrx_word' id='word_1_144' title='bbox 367 1823 398 1862; x_wconf 86' lang='lat' dir='ltr'><strong>v.</strong></span> <span class='ocrx_word' id='word_1_145' title='bbox 423 1806 474 1863; x_wconf 80' lang='lat'><strong>45.</strong></span> <span class='ocrx_word' id='word_1_146' title='bbox 504 1814 628 1865; x_wconf 81' lang='lat' dir='ltr'><strong>nostros</strong></span> <span class='ocrx_word' id='word_1_147' title='bbox 657 1803 777 1882; x_wconf 76' lang='lat' dir='ltr'><strong>ugellus</strong></span> <span class='ocrx_word' id='word_1_148' title='bbox 806 1806 836 1864; x_wconf 83' lang='lat' dir='ltr'><strong>et</strong></span> <span class='ocrx_word' id='word_1_149' title='bbox 862 1823 958 1885; x_wconf 76' lang='lat' dir='ltr'><strong>apros</strong></span> <span class='ocrx_word' id='word_1_150' title='bbox 980 1825 1011 1864; x_wconf 88' lang='lat' dir='ltr'><strong>v.</strong></span> <span class='ocrx_word' id='word_1_151' title='bbox 1035 1810 1087 1865; x_wconf 78' lang='lat'><strong>52.</strong></span> <span class='ocrx_word' id='word_1_152' title='bbox 1132 1813 1255 1867; x_wconf 83' lang='lat' dir='ltr'><strong>nostros</strong></span> <span class='ocrx_word' id='word_1_153' title='bbox 1277 1825 1375 1885; x_wconf 76' lang='lat' dir='ltr'><strong>apros</strong></span> <span class='ocrx_word' id='word_1_154' title='bbox 1395 1825 1420 1864; x_wconf 91' lang='lat' dir='ltr'><strong>v.</strong></span> 
     </span>
     <span class='ocr_line' id='line_1_17' title="bbox 185 1907 1420 1988; baseline 0.001 -19"><span class='ocrx_word' id='word_1_155' title='bbox 185 1912 235 1969; x_wconf 85' lang='lat' dir='ltr'><strong>it).</strong></span> <span class='ocrx_word' id='word_1_156' title='bbox 268 1928 349 1969; x_wconf 83' lang='lat' dir='ltr'><strong>oreos</strong></span> <span class='ocrx_word' id='word_1_157' title='bbox 372 1925 467 1987; x_wconf 75' lang='lat' dir='ltr'><strong>apros</strong></span> <span class='ocrx_word' id='word_1_158' title='bbox 490 1926 521 1965; x_wconf 89' lang='lat' dir='ltr'><strong>v.</strong></span> <span class='ocrx_word' id='word_1_159' title='bbox 546 1913 597 1968; x_wconf 76' lang='lat' dir='ltr'><strong>aa.</strong></span> <span class='ocrx_word' id='word_1_160' title='bbox 643 1909 673 1967; x_wconf 88' lang='lat' dir='ltr'><strong>ct</strong></span> <span class='ocrx_word' id='word_1_161' title='bbox 695 1924 795 1967; x_wconf 88' lang='lat' dir='ltr'><strong>rursus</strong></span> <span class='ocrx_word' id='word_1_162' title='bbox 825 1907 921 1987; x_wconf 79' lang='lat' dir='ltr'><strong>apelli</strong></span> <span class='ocrx_word' id='word_1_163' title='bbox 948 1924 987 1967; x_wconf 88' lang='lat' dir='ltr'><strong>cx</strong></span> <span class='ocrx_word' id='word_1_164' title='bbox 1016 1925 1087 1967; x_wconf 87' lang='lat' dir='ltr'><strong>vera</strong></span> <span class='ocrx_word' id='word_1_165' title='bbox 1109 1908 1225 1971; x_wconf 87' lang='lat' dir='ltr'><strong>Heinsll</strong></span> <span class='ocrx_word' id='word_1_166' title='bbox 1252 1910 1420 1988; x_wconf 82' lang='lat' dir='ltr'><strong>interpreta-</strong></span> 
     </span>
     <span class='ocr_line' id='line_1_18' title="bbox 183 2008 1420 2091; baseline 0.002 -19"><span class='ocrx_word' id='word_1_167' title='bbox 183 2014 280 2087; x_wconf 88' lang='lat' dir='ltr'><strong>tione,</strong></span> <span class='ocrx_word' id='word_1_168' title='bbox 304 2031 334 2070; x_wconf 89' lang='grc' dir='ltr'><strong>ι.</strong></span> <span class='ocrx_word' id='word_1_169' title='bbox 359 2014 409 2070; x_wconf 86' lang='grc'><strong>90.</strong></span> <span class='ocrx_word' id='word_1_170' title='bbox 444 2008 523 2069; x_wconf 87' lang='lat' dir='ltr'><strong>Add.</strong></span> <span class='ocrx_word' id='word_1_171' title='bbox 542 2008 606 2069; x_wconf 83' lang='lat' dir='ltr'><strong>lici.</strong></span> <span class='ocrx_word' id='word_1_172' title='bbox 631 2010 660 2069; x_wconf 89' lang='lat'><strong>1.</strong></span> <span class='ocrx_word' id='word_1_173' title='bbox 683 2013 714 2070; x_wconf 86' lang='lat'><strong>8.</strong></span> <span class='ocrx_word' id='word_1_174' title='bbox 738 2013 789 2069; x_wconf 77' lang='lat'><strong>20.</strong></span> <span class='ocrx_word' id='word_1_175' title='bbox 820 2009 909 2091; x_wconf 79' lang='lat' dir='ltr'><strong>Quam</strong></span> <span class='ocrx_word' id='word_1_176' title='bbox 931 2013 989 2070; x_wconf 93' lang='lat' dir='ltr'><strong>vim</strong></span> <span class='ocrx_word' id='word_1_177' title='bbox 1011 2008 1118 2071; x_wconf 81' lang='lat' dir='ltr'><strong>lrabeat</strong></span> <span class='ocrx_word' id='word_1_178' title='bbox 1138 2010 1261 2090; x_wconf 88' lang='lat' dir='ltr'><strong>pluralis</strong></span> <span class='ocrx_word' id='word_1_179' title='bbox 1282 2016 1420 2088; x_wconf 69' lang='lat' dir='ltr'><strong>ommino,</strong></span> 
     </span>
     <span class='ocr_line' id='line_1_19' title="bbox 183 2113 1421 2196; baseline 0.002 -21"><span class='ocrx_word' id='word_1_180' title='bbox 183 2133 221 2175; x_wconf 86' lang='lat' dir='ltr'><strong>au</strong></span> <span class='ocrx_word' id='word_1_181' title='bbox 243 2117 320 2175; x_wconf 84' lang='lat' dir='ltr'><strong>torte</strong></span> <span class='ocrx_word' id='word_1_182' title='bbox 344 2113 534 2174; x_wconf 87' lang='lat' dir='ltr'><strong>continuatam</strong></span> <span class='ocrx_word' id='word_1_183' title='bbox 554 2113 791 2193; x_wconf 81' lang='lat' dir='ltr'><strong>criminationem,</strong></span> <span class='ocrx_word' id='word_1_184' title='bbox 814 2118 844 2174; x_wconf 88' lang='lat' dir='ltr'><strong>et</strong></span> <span class='ocrx_word' id='word_1_185' title='bbox 861 2114 962 2174; x_wconf 91' lang='lat' dir='ltr'><strong>iterum</strong></span> <span class='ocrx_word' id='word_1_186' title='bbox 981 2116 1136 2195; x_wconf 83' lang='lat' dir='ltr'><strong>iterumque</strong></span> <span class='ocrx_word' id='word_1_187' title='bbox 1150 2115 1326 2176; x_wconf 85' lang='lat' dir='ltr'><strong>inferendam</strong></span> <span class='ocrx_word' id='word_1_188' title='bbox 1343 2134 1421 2196; x_wconf 74' lang='lat' dir='ltr'><strong>prae</strong></span> 
     </span>
     <span class='ocr_line' id='line_1_20' title="bbox 184 2213 1421 2300; baseline 0.001 -23"><span class='ocrx_word' id='word_1_189' title='bbox 184 2217 298 2278; x_wconf 85' lang='lat' dir='ltr'><strong>toribus</strong></span> <span class='ocrx_word' id='word_1_190' title='bbox 321 2215 484 2293; x_wconf 77' lang='lat' dir='ltr'><strong>significet,</strong></span> <span class='ocrx_word' id='word_1_191' title='bbox 515 2213 601 2275; x_wconf 89' lang='lat' dir='ltr'><strong>nolim</strong></span> <span class='ocrx_word' id='word_1_192' title='bbox 623 2215 723 2296; x_wconf 87' lang='lat' dir='ltr'><strong>quaeri</strong></span> <span class='ocrx_word' id='word_1_193' title='bbox 745 2217 897 2277; x_wconf 84' lang='lat' dir='ltr'><strong>curiosius.</strong></span> <span class='ocrx_word' id='word_1_194' title='bbox 941 2215 1012 2276; x_wconf 89' lang='lat' dir='ltr'><strong>Nam</strong></span> <span class='ocrx_word' id='word_1_195' title='bbox 1043 2217 1099 2276; x_wconf 90' lang='lat' dir='ltr'><strong>etsi</strong></span> <span class='ocrx_word' id='word_1_196' title='bbox 1120 2216 1287 2299; x_wconf 88' lang='lat' dir='ltr'><strong>plerumque</strong></span> <span class='ocrx_word' id='word_1_197' title='bbox 1309 2218 1421 2300; x_wconf 81' lang='lat' dir='ltr'><strong>aliquan</strong></span> 
     </span>
     <span class='ocr_line' id='line_1_21' title="bbox 185 2318 1420 2400; baseline 0 -19"><span class='ocrx_word' id='word_1_198' title='bbox 185 2321 324 2382; x_wconf 87' lang='lat' dir='ltr'><strong>eiusmodi</strong></span> <span class='ocrx_word' id='word_1_199' title='bbox 347 2318 450 2399; x_wconf 85' lang='lat' dir='ltr'><strong>plurali</strong></span> <span class='ocrx_word' id='word_1_200' title='bbox 477 2318 533 2378; x_wconf 92' lang='lat' dir='ltr'><strong>vim</strong></span> <span class='ocrx_word' id='word_1_201' title='bbox 555 2319 591 2378; x_wconf 86' lang='lat' dir='ltr'><strong>ad</strong></span> <span class='ocrx_word' id='word_1_202' title='bbox 614 2319 775 2394; x_wconf 88' lang='lat' dir='ltr'><strong>augendam</strong></span> <span class='ocrx_word' id='word_1_203' title='bbox 797 2320 839 2379; x_wconf 91' lang='lat' dir='ltr'><strong>rei</strong></span> <span class='ocrx_word' id='word_1_204' title='bbox 861 2319 1085 2395; x_wconf 80' lang='lat' dir='ltr'><strong>magnitudinem</strong></span> <span class='ocrx_word' id='word_1_205' title='bbox 1101 2321 1200 2381; x_wconf 88' lang='lat' dir='ltr'><strong>inesse</strong></span> <span class='ocrx_word' id='word_1_206' title='bbox 1221 2323 1361 2400; x_wconf 80' lang='lat' dir='ltr'><strong>sentias,</strong></span> <span class='ocrx_word' id='word_1_207' title='bbox 1373 2339 1420 2384; x_wconf 85' lang='lat' dir='ltr'><strong>sm</strong></span> 
     </span>
     <span class='ocr_line' id='line_1_22' title="bbox 186 2420 1421 2507; baseline 0.002 -23"><span class='ocrx_word' id='word_1_208' title='bbox 186 2443 301 2503; x_wconf 88' lang='lat' dir='ltr'><strong>semper</strong></span> <span class='ocrx_word' id='word_1_209' title='bbox 322 2429 415 2486; x_wconf 85' lang='lat' dir='ltr'><strong>tamen</strong></span> <span class='ocrx_word' id='word_1_210' title='bbox 438 2425 571 2482; x_wconf 80' lang='lat' dir='ltr'><strong>accurate</strong></span> <span class='ocrx_word' id='word_1_211' title='bbox 594 2421 705 2482; x_wconf 85' lang='lat' dir='ltr'><strong>definiri</strong></span> <span class='ocrx_word' id='word_1_212' title='bbox 728 2421 894 2503; x_wconf 83' lang='lat' dir='ltr'><strong>verbisque</strong></span> <span class='ocrx_word' id='word_1_213' title='bbox 907 2420 1046 2501; x_wconf 83' lang='lat' dir='ltr'><strong>explicari</strong></span> <span class='ocrx_word' id='word_1_214' title='bbox 1073 2428 1189 2502; x_wconf 87' lang='lat' dir='ltr'><strong>potest,</strong></span> <span class='ocrx_word' id='word_1_215' title='bbox 1218 2443 1292 2507; x_wconf 87' lang='lat' dir='ltr'><strong>quae</strong></span> <span class='ocrx_word' id='word_1_216' title='bbox 1314 2425 1363 2486; x_wconf 82' lang='lat' dir='ltr'><strong>ills</strong></span> <span class='ocrx_word' id='word_1_217' title='bbox 1381 2426 1421 2485; x_wconf 88' lang='lat' dir='ltr'><strong>vis</strong></span> 
     </span>
     <span class='ocr_line' id='line_1_23' title="bbox 187 2523 1421 2607; baseline 0.002 -21"><span class='ocrx_word' id='word_1_218' title='bbox 187 2531 243 2603; x_wconf 66' lang='lat' dir='ltr'><strong>sita</strong></span> <span class='ocrx_word' id='word_1_219' title='bbox 267 2531 297 2588; x_wconf 90' lang='lat' dir='ltr'><strong>ct</strong></span> <span class='ocrx_word' id='word_1_220' title='bbox 319 2533 386 2588; x_wconf 90' lang='lat' dir='ltr'><strong>sunt</strong></span> <span class='ocrx_word' id='word_1_221' title='bbox 408 2526 481 2601; x_wconf 90' lang='lat' dir='ltr'><strong>loci,</strong></span> <span class='ocrx_word' id='word_1_222' title='bbox 506 2526 609 2607; x_wconf 84' lang='lat' dir='ltr'><strong>qulbus</strong></span> <span class='ocrx_word' id='word_1_223' title='bbox 631 2523 701 2585; x_wconf 78' lang='lat' dir='ltr'><strong>nihil</strong></span> <span class='ocrx_word' id='word_1_224' title='bbox 716 2526 883 2605; x_wconf 86' lang='lat' dir='ltr'><strong>¹scriptores</strong></span> <span class='ocrx_word' id='word_1_225' title='bbox 899 2523 949 2585; x_wconf 94' lang='lat' dir='ltr'><strong>lllo</strong></span> <span class='ocrx_word' id='word_1_226' title='bbox 965 2523 1068 2604; x_wconf 90' lang='lat' dir='ltr'><strong>plurali</strong></span> <span class='ocrx_word' id='word_1_227' title='bbox 1086 2526 1180 2602; x_wconf 91' lang='lat' dir='ltr'><strong>aliud,</strong></span> <span class='ocrx_word' id='word_1_228' title='bbox 1203 2528 1259 2588; x_wconf 91' lang='lat' dir='ltr'><strong>nisi</strong></span> <span class='ocrx_word' id='word_1_229' title='bbox 1276 2528 1421 2607; x_wconf 79' lang='lat' dir='ltr'><strong>pleniorem</strong></span> 
     </span>
     <span class='ocr_line' id='line_1_24' title="bbox 186 2625 1419 2715; baseline 0.002 -25"><span class='ocrx_word' id='word_1_230' title='bbox 186 2631 331 2711; x_wconf 87' lang='lat' dir='ltr'><strong>quemdam</strong></span> <span class='ocrx_word' id='word_1_231' title='bbox 354 2648 470 2715; x_wconf 88' lang='lat' dir='ltr'><strong>sunum,</strong></span> <span class='ocrx_word' id='word_1_232' title='bbox 494 2633 542 2688; x_wconf 80' lang='lat' dir='ltr'><strong>sut</strong></span> <span class='ocrx_word' id='word_1_233' title='bbox 564 2630 600 2688; x_wconf 87' lang='lat' dir='ltr'><strong>ab</strong></span> <span class='ocrx_word' id='word_1_234' title='bbox 624 2628 780 2689; x_wconf 89' lang='lat' dir='ltr'><strong>insolentia</strong></span> <span class='ocrx_word' id='word_1_235' title='bbox 803 2625 992 2702; x_wconf 81' lang='lat' dir='ltr'><strong>elegantiam,</strong></span> <span class='ocrx_word' id='word_1_236' title='bbox 1016 2633 1066 2689; x_wconf 91' lang='lat' dir='ltr'><strong>aut</strong></span> <span class='ocrx_word' id='word_1_237' title='bbox 1088 2630 1315 2693; x_wconf 85' lang='lat' dir='ltr'><strong>commoditatem</strong></span> <span class='ocrx_word' id='word_1_238' title='bbox 1335 2633 1419 2700; x_wconf 85' lang='lat' dir='ltr'><strong>metri,</strong></span> 
     </span>
     <span class='ocr_line' id='line_1_25' title="bbox 186 2730 1420 2814; baseline 0.002 -21"><span class='ocrx_word' id='word_1_239' title='bbox 186 2735 372 2814; x_wconf 80' lang='lat' dir='ltr'><strong>quaesivisse</strong></span> <span class='ocrx_word' id='word_1_240' title='bbox 394 2733 485 2792; x_wconf 85' lang='lat' dir='ltr'><strong>dicas.</strong></span> <span class='ocrx_word' id='word_1_241' title='bbox 531 2730 671 2806; x_wconf 82' lang='lat' dir='ltr'><strong>Ovidius,</strong></span> <span class='ocrx_word' id='word_1_242' title='bbox 699 2732 830 2793; x_wconf 84' lang='lat' dir='ltr'><strong>Porsuno</strong></span> <span class='ocrx_word' id='word_1_243' title='bbox 859 2731 894 2791; x_wconf 87' lang='lat' dir='ltr'><strong>ad</strong></span> <span class='ocrx_word' id='word_1_244' title='bbox 918 2731 1017 2809; x_wconf 81' lang='lat' dir='ltr'><strong>llurip.</strong></span> <span class='ocrx_word' id='word_1_245' title='bbox 1040 2731 1140 2794; x_wconf 87' lang='lat' dir='ltr'><strong>Orest.</strong></span> <span class='ocrx_word' id='word_1_246' title='bbox 1167 2739 1258 2795; x_wconf 79' lang='lat'>1051.</span> <span class='ocrx_word' id='word_1_247' title='bbox 1282 2733 1420 2805; x_wconf 86' lang='lat' dir='ltr'><strong>laudatus,</strong></span> 
     </span>
     <span class='ocr_line' id='line_1_26' title="bbox 186 2824 1422 2922; baseline 0.003 -25"><span class='ocrx_word' id='word_1_248' title='bbox 186 2857 270 2917; x_wconf 88' lang='lat' dir='ltr'><strong>quum</strong></span> <span class='ocrx_word' id='word_1_249' title='bbox 292 2836 361 2901; x_wconf 87' lang='lat' dir='ltr'><strong>dicit</strong></span> <span class='ocrx_word' id='word_1_250' title='bbox 383 2836 535 2916; x_wconf 76' lang='lat' dir='ltr'><strong>clypeum,</strong></span> <span class='ocrx_word' id='word_1_251' title='bbox 560 2835 673 2896; x_wconf 82' lang='lat' dir='ltr'><strong>laeuae</strong></span> <span class='ocrx_word' id='word_1_252' title='bbox 694 2838 867 2915; x_wconf 73' lang='lat' dir='ltr'><strong>gestamina</strong></span> <span class='ocrx_word' id='word_1_253' title='bbox 883 2847 1025 2911; x_wconf 83' lang='lat' dir='ltr'><strong>nostroe,</strong></span> <span class='ocrx_word' id='word_1_254' title='bbox 1043 2855 1078 2896; x_wconf 89' lang='lat' dir='ltr'><strong>au</strong></span> <span class='ocrx_word' id='word_1_255' title='bbox 1096 2855 1201 2914; x_wconf 85' lang='lat' dir='ltr'><strong>magno</strong></span> <span class='ocrx_word' id='word_1_256' title='bbox 1219 2824 1351 2922; x_wconf 82' lang='lat' dir='ltr'><strong>pondere</strong></span> <span class='ocrx_word' id='word_1_257' title='bbox 1365 2839 1422 2918; x_wconf 79' lang='lat' dir='ltr'><strong>cly-</strong></span> 
     </span>
     <span class='ocr_line' id='line_1_27' title="bbox 187 2937 1422 3020; baseline 0.006 -23"><span class='ocrx_word' id='word_1_258' title='bbox 187 2958 269 3018; x_wconf 87' lang='lat' dir='ltr'><strong>peum</strong></span> <span class='ocrx_word' id='word_1_259' title='bbox 293 2938 389 2998; x_wconf 88' lang='lat' dir='ltr'><strong>dicere</strong></span> <span class='ocrx_word' id='word_1_260' title='bbox 411 2937 551 3013; x_wconf 87' lang='lat' dir='ltr'><strong>volucrit,</strong></span> <span class='ocrx_word' id='word_1_261' title='bbox 574 2939 711 2997; x_wconf 90' lang='lat' dir='ltr'><strong>incertum</strong></span> <span class='ocrx_word' id='word_1_262' title='bbox 735 2940 795 2998; x_wconf 78' lang='lat' dir='ltr'><strong>est:</strong></span> <span class='ocrx_word' id='word_1_263' title='bbox 819 2938 919 2998; x_wconf 90' lang='lat' dir='ltr'><strong>eodem</strong></span> <span class='ocrx_word' id='word_1_264' title='bbox 935 2941 1011 3008; x_wconf 81' lang='lat' dir='ltr'><strong>iure,</strong></span> <span class='ocrx_word' id='word_1_265' title='bbox 1035 2941 1060 2999; x_wconf 91' lang='lat' dir='ltr'><strong>si</strong></span> <span class='ocrx_word' id='word_1_266' title='bbox 1077 2939 1210 3002; x_wconf 88' lang='lat' dir='ltr'><strong>licuisset</strong></span> <span class='ocrx_word' id='word_1_267' title='bbox 1226 2959 1282 3020; x_wconf 88' lang='lat' dir='ltr'><strong>per</strong></span> <span class='ocrx_word' id='word_1_268' title='bbox 1299 2949 1422 3018; x_wconf 80' lang='lat' dir='ltr'><strong>metrosa,</strong></span> 
     </span>
     <span class='ocr_line' id='line_1_28' title="bbox 187 3040 1423 3127; baseline 0.005 -25"><span class='ocrx_word' id='word_1_269' title='bbox 187 3053 343 3122; x_wconf 76' lang='lat' dir='ltr'><strong>pertemere</strong></span> <span class='ocrx_word' id='word_1_270' title='bbox 364 3041 556 3118; x_wconf 86' lang='lat' dir='ltr'><strong>scripsisset,</strong></span> <span class='ocrx_word' id='word_1_271' title='bbox 579 3045 610 3100; x_wconf 88' lang='lat' dir='ltr'><strong>ut</strong></span> <span class='ocrx_word' id='word_1_272' title='bbox 632 3043 678 3101; x_wconf 88' lang='lat' dir='ltr'><strong>est</strong></span> <span class='ocrx_word' id='word_1_273' title='bbox 701 3040 774 3119; x_wconf 92' lang='lat' dir='ltr'><strong>apud</strong></span> <span class='ocrx_word' id='word_1_274' title='bbox 792 3040 966 3118; x_wconf 86' lang='lat' dir='ltr'><strong>Virgilium:</strong></span> <span class='ocrx_word' id='word_1_275' title='bbox 990 3044 1133 3123; x_wconf 80' lang='lat' dir='ltr'><strong>clipeum,</strong></span> <span class='ocrx_word' id='word_1_276' title='bbox 1155 3050 1258 3124; x_wconf 74' lang='lat' dir='ltr'><strong>magna·</strong></span> <span class='ocrx_word' id='word_1_277' title='bbox 1278 3058 1423 3127; x_wconf 75' lang='lat' dir='ltr'><strong>pentem</strong></span> 
     </span>
     <span class='ocr_line' id='line_1_29' title="bbox 189 3142 1423 3224; baseline 0.008 -18"><span class='ocrx_word' id='word_1_278' title='bbox 189 3145 334 3207; x_wconf 78' lang='lat' dir='ltr'><strong>Abantis.</strong></span> <span class='ocrx_word' id='word_1_279' title='bbox 380 3143 490 3204; x_wconf 75' lang='lat' dir='ltr'><strong>Addam</strong></span> <span class='ocrx_word' id='word_1_280' title='bbox 513 3142 768 3207; x_wconf 88' lang='lat' dir='ltr'><strong>locosnonnullos</strong></span> <span class='ocrx_word' id='word_1_281' title='bbox 790 3146 945 3224; x_wconf 83' lang='lat' dir='ltr'><strong>Propertii.</strong></span> <span class='ocrx_word' id='word_1_282' title='bbox 968 3145 1005 3207; x_wconf 91' lang='lat' dir='ltr'><strong>ll.</strong></span> <span class='ocrx_word' id='word_1_283' title='bbox 1030 3170 1076 3223; x_wconf 81' lang='grc' dir='ltr'><strong>ιι,</strong></span> <span class='ocrx_word' id='word_1_284' title='bbox 1092 3152 1151 3208; x_wconf 86' lang='lat' dir='ltr'><strong>.l5.</strong></span> <span class='ocrx_word' id='word_1_285' title='bbox 1198 3148 1281 3210; x_wconf 84' lang='lat' dir='ltr'><strong>Num</strong></span> <span class='ocrx_word' id='word_1_286' title='bbox 1306 3157 1356 3214; x_wconf 77' lang='lat' dir='ltr'><strong>esi</strong></span> <span class='ocrx_word' id='word_1_287' title='bbox 1372 3168 1423 3215; x_wconf 75' lang='lat' dir='ltr'><strong>m</strong></span> 
     </span>
     <span class='ocr_line' id='line_1_30' title="bbox 188 3243 1423 3341; baseline 0.005 -30"><span class='ocrx_word' id='word_1_288' title='bbox 188 3270 246 3330; x_wconf 77' lang='lat' dir='ltr'><strong>epo</strong></span> <span class='ocrx_word' id='word_1_289' title='bbox 267 3268 333 3311; x_wconf 85' lang='lat' dir='ltr'><strong>aum</strong></span> <span class='ocrx_word' id='word_1_290' title='bbox 352 3248 469 3329; x_wconf 81' lang='lat' dir='ltr'><strong>fallaci</strong></span> <span class='ocrx_word' id='word_1_291' title='bbox 489 3251 613 3326; x_wconf 81' lang='lat' dir='ltr'><strong>praerma</strong></span> <span class='ocrx_word' id='word_1_292' title='bbox 636 3243 725 3310; x_wconf 69' lang='lat' dir='ltr'><strong>catil</strong></span> <span class='ocrx_word' id='word_1_293' title='bbox 757 3247 812 3310; x_wconf 85' lang='lat' dir='ltr'><strong>lv.</strong></span> <span class='ocrx_word' id='word_1_294' title='bbox 837 3272 857 3319; x_wconf 82' lang='grc' dir='ltr'><strong>ι,</strong></span> <span class='ocrx_word' id='word_1_295' title='bbox 883 3255 933 3311; x_wconf 86' lang='grc'><strong>10.</strong></span> <span class='ocrx_word' id='word_1_296' title='bbox 958 3249 1045 3312; x_wconf 79' lang='lat' dir='ltr'><strong>Unus</strong></span> <span class='ocrx_word' id='word_1_297' title='bbox 1068 3262 1137 3341; x_wconf 69' lang='lat' dir='ltr'><strong>erat</strong></span> <span class='ocrx_word' id='word_1_298' title='bbox 1157 3253 1293 3332; x_wconf 80' lang='lat' dir='ltr'><strong>fratrum</strong></span> <span class='ocrx_word' id='word_1_299' title='bbox 1315 3256 1423 3316; x_wconf 71' lang='lat' dir='ltr'><strong>nuru</strong></span> 
     </span>
     <span class='ocr_line' id='line_1_31' title="bbox 189 3344 1421 3438; baseline 0.005 -25"><span class='ocrx_word' id='word_1_300' title='bbox 189 3370 284 3430; x_wconf 89' lang='lat' dir='ltr'><strong>regua</strong></span> <span class='ocrx_word' id='word_1_301' title='bbox 304 3353 408 3432; x_wconf 82' lang='lat' dir='ltr'><strong>focus.</strong></span> <span class='ocrx_word' id='word_1_302' title='bbox 445 3352 484 3412; x_wconf 81' lang='lat' dir='ltr'><strong>lit</strong></span> <span class='ocrx_word' id='word_1_303' title='bbox 505 3353 533 3411; x_wconf 87' lang='lat' dir='ltr'><strong>iu</strong></span> <span class='ocrx_word' id='word_1_304' title='bbox 557 3351 602 3412; x_wconf 82' lang='lat' dir='ltr'><strong>lais</strong></span> <span class='ocrx_word' id='word_1_305' title='bbox 625 3352 743 3432; x_wconf 89' lang='lat' dir='ltr'><strong>quidem.</strong></span> <span class='ocrx_word' id='word_1_306' title='bbox 759 3352 872 3413; x_wconf 85' lang='lat' dir='ltr'><strong>duobus</strong></span> <span class='ocrx_word' id='word_1_307' title='bbox 894 3344 967 3413; x_wconf 87' lang='lat' dir='ltr'><strong>locis</strong></span> <span class='ocrx_word' id='word_1_308' title='bbox 989 3356 1062 3415; x_wconf 90' lang='lat' dir='ltr'><strong>satis</strong></span> <span class='ocrx_word' id='word_1_309' title='bbox 1084 3361 1185 3433; x_wconf 84' lang='lat' dir='ltr'><strong>aperta</strong></span> <span class='ocrx_word' id='word_1_310' title='bbox 1207 3360 1316 3418; x_wconf 89' lang='lat' dir='ltr'><strong>numeri</strong></span> <span class='ocrx_word' id='word_1_311' title='bbox 1338 3357 1421 3438; x_wconf 80' lang='lat' dir='ltr'><strong>plura·</strong></span> 
     </span>
     <span class='ocr_line' id='line_1_32' title="bbox 190 3452 1466 3539; baseline 0.005 -23"><span class='ocrx_word' id='word_1_312' title='bbox 190 3456 228 3517; x_wconf 92' lang='lat' dir='ltr'><strong>lis</strong></span> <span class='ocrx_word' id='word_1_313' title='bbox 252 3458 298 3517; x_wconf 89' lang='lat' dir='ltr'><strong>vis</strong></span> <span class='ocrx_word' id='word_1_314' title='bbox 321 3460 378 3517; x_wconf 90' lang='lat' dir='ltr'><strong>est.</strong></span> <span class='ocrx_word' id='word_1_315' title='bbox 424 3454 578 3532; x_wconf 85' lang='lat' dir='ltr'><strong>Significat</strong></span> <span class='ocrx_word' id='word_1_316' title='bbox 605 3475 638 3515; x_wconf 88' lang='lat' dir='ltr'><strong>sc</strong></span> <span class='ocrx_word' id='word_1_317' title='bbox 667 3473 723 3516; x_wconf 91' lang='lat' dir='ltr'><strong>non</strong></span> <span class='ocrx_word' id='word_1_318' title='bbox 746 3454 851 3531; x_wconf 87' lang='lat' dir='ltr'><strong>semel,</strong></span> <span class='ocrx_word' id='word_1_319' title='bbox 881 3452 936 3518; x_wconf 89' lang='lat' dir='ltr'><strong>uec</strong></span> <span class='ocrx_word' id='word_1_320' title='bbox 957 3455 1079 3536; x_wconf 86' lang='lat' dir='ltr'><strong>leviter,</strong></span> <span class='ocrx_word' id='word_1_321' title='bbox 1111 3459 1161 3520; x_wconf 90' lang='lat' dir='ltr'><strong>sed</strong></span> <span class='ocrx_word' id='word_1_322' title='bbox 1185 3477 1292 3539; x_wconf 84' lang='lat' dir='ltr'><strong>saepe,</strong></span> <span class='ocrx_word' id='word_1_323' title='bbox 1323 3466 1354 3524; x_wconf 88' lang='lat' dir='ltr'><strong>et</strong></span> <span class='ocrx_word' id='word_1_324' title='bbox 1373 3476 1420 3522; x_wconf 79' lang='lat' dir='ltr'><strong>cu</strong></span> <span class='ocrx_word' id='word_1_325' title='bbox 1464 3499 1466 3535; x_wconf 80' lang='grc'>,</span> 
     </span>
     <span class='ocr_line' id='line_1_33' title="bbox 191 3559 1466 3647; baseline 0.007 -28"><span class='ocrx_word' id='word_1_326' title='bbox 191 3560 278 3621; x_wconf 86' lang='lat' dir='ltr'><strong>multu</strong></span> <span class='ocrx_word' id='word_1_327' title='bbox 299 3561 439 3639; x_wconf 86' lang='lat' dir='ltr'><strong>pecuniae</strong></span> <span class='ocrx_word' id='word_1_328' title='bbox 461 3559 579 3635; x_wconf 91' lang='lat' dir='ltr'><strong>damno,</strong></span> <span class='ocrx_word' id='word_1_329' title='bbox 609 3560 741 3638; x_wconf 83' lang='lat' dir='ltr'><strong>praedam</strong></span> <span class='ocrx_word' id='word_1_330' title='bbox 763 3562 868 3620; x_wconf 88' lang='lat' dir='ltr'><strong>iactum</strong></span> <span class='ocrx_word' id='word_1_331' title='bbox 891 3576 960 3620; x_wconf 87' lang='lat' dir='ltr'><strong>esse</strong></span> <span class='ocrx_word' id='word_1_332' title='bbox 981 3564 1095 3622; x_wconf 86' lang='lat' dir='ltr'><strong>vatum:</strong></span> <span class='ocrx_word' id='word_1_333' title='bbox 1125 3561 1198 3643; x_wconf 89' lang='lat' dir='ltr'><strong>quod</strong></span> <span class='ocrx_word' id='word_1_334' title='bbox 1221 3580 1278 3645; x_wconf 83' lang='lat' dir='ltr'><strong>nos</strong></span> <span class='ocrx_word' id='word_1_335' title='bbox 1301 3565 1419 3638; x_wconf 75' lang='lat' dir='ltr'><strong>diuus,</strong></span> <span class='ocrx_word' id='word_1_336' title='bbox 1460 3586 1466 3647; x_wconf 69' lang='lat' dir='ltr'><strong>q</strong></span> 
     </span>
     <span class='ocr_line' id='line_1_34' title="bbox 192 3661 1466 3753; baseline 0.005 -29"><span class='ocrx_word' id='word_1_337' title='bbox 192 3664 258 3724; x_wconf 90' lang='lat' dir='ltr'><strong>elne</strong></span> <span class='ocrx_word' id='word_1_338' title='bbox 272 3661 422 3724; x_wconf 84' lang='lat' dir='ltr'><strong>ltlellrlrulr.</strong></span> <span class='ocrx_word' id='word_1_339' title='bbox 456 3661 489 3724; x_wconf 90' lang='lat' dir='ltr'><strong>ln</strong></span> <span class='ocrx_word' id='word_1_340' title='bbox 511 3663 603 3725; x_wconf 87' lang='lat' dir='ltr'><strong>altero</strong></span> <span class='ocrx_word' id='word_1_341' title='bbox 626 3663 691 3724; x_wconf 87' lang='lat' dir='ltr'><strong>luco</strong></span> <span class='ocrx_word' id='word_1_342' title='bbox 713 3664 863 3724; x_wconf 81' lang='lat' dir='ltr'><strong>manifesta</strong></span> <span class='ocrx_word' id='word_1_343' title='bbox 885 3668 932 3724; x_wconf 89' lang='lat' dir='ltr'><strong>est</strong></span> <span class='ocrx_word' id='word_1_344' title='bbox 954 3664 1116 3753; x_wconf 91' lang='lat' dir='ltr'><strong>oppositio,</strong></span> <span class='ocrx_word' id='word_1_345' title='bbox 1140 3684 1218 3728; x_wconf 81' lang='lat' dir='ltr'><strong>naas</strong></span> <span class='ocrx_word' id='word_1_346' title='bbox 1239 3669 1354 3749; x_wconf 73' lang='lat' dir='ltr'><strong>socna,</strong></span> <span class='ocrx_word' id='word_1_347' title='bbox 1367 3686 1419 3730; x_wconf 61' lang='lat' dir='ltr'><strong>ersa</strong></span> <span class='ocrx_word' id='word_1_348' title='bbox 1458 3704 1466 3752; x_wconf 65' lang='lat' dir='ltr'><strong>q</strong></span> 
     </span>
     <span class='ocr_line' id='line_1_35' title="bbox 192 3763 1466 3857; baseline 0.005 -29"><span class='ocrx_word' id='word_1_349' title='bbox 192 3769 276 3842; x_wconf 74' lang='lat' dir='ltr'><strong>simu</strong></span> <span class='ocrx_word' id='word_1_350' title='bbox 297 3787 402 3846; x_wconf 76' lang='lat' dir='ltr'><strong>requa-</strong></span> <span class='ocrx_word' id='word_1_351' title='bbox 440 3763 486 3828; x_wconf 83' lang='lat' dir='ltr'><strong>Gi.</strong></span> <span class='ocrx_word' id='word_1_352' title='bbox 506 3766 638 3843; x_wconf 80' lang='lat' dir='ltr'><strong>llxxv,</strong></span> <span class='ocrx_word' id='word_1_353' title='bbox 654 3770 706 3828; x_wconf 72' lang='lat'><strong>48.</strong></span> <span class='ocrx_word' id='word_1_354' title='bbox 753 3767 823 3828; x_wconf 85' lang='lat' dir='ltr'><strong>Una</strong></span> <span class='ocrx_word' id='word_1_355' title='bbox 845 3769 891 3828; x_wconf 79' lang='lat' dir='ltr'><strong>ait</strong></span> <span class='ocrx_word' id='word_1_356' title='bbox 910 3777 941 3829; x_wconf 82' lang='lat' dir='ltr'><strong>et</strong></span> <span class='ocrx_word' id='word_1_357' title='bbox 969 3771 1072 3830; x_wconf 79' lang='lat' dir='ltr'><strong>cuivis</strong></span> <span class='ocrx_word' id='word_1_358' title='bbox 1098 3771 1213 3850; x_wconf 79' lang='lat' dir='ltr'><strong>semino</strong></span> <span class='ocrx_word' id='word_1_359' title='bbox 1239 3771 1330 3834; x_wconf 85' lang='lat' dir='ltr'><strong>mults</strong></span> <span class='ocrx_word' id='word_1_360' title='bbox 1353 3768 1418 3833; x_wconf 81' lang='lat' dir='ltr'><strong>nait·</strong></span> <span class='ocrx_word' id='word_1_361' title='bbox 1456 3795 1466 3857; x_wconf 72' lang='lat' dir='ltr'><strong>q</strong></span> 
     </span>
     <span class='ocr_line' id='line_1_36' title="bbox 194 3868 1466 3961; baseline 0.008 -31"><span class='ocrx_word' id='word_1_362' title='bbox 194 3868 319 3930; x_wconf 85' lang='lat' dir='ltr'><strong>Ovidius</strong></span> <span class='ocrx_word' id='word_1_363' title='bbox 342 3868 424 3929; x_wconf 86' lang='lat' dir='ltr'><strong>ibide</strong></span> <span class='ocrx_word' id='word_1_364' title='bbox 446 3890 478 3929; x_wconf 86' lang='lat' dir='ltr'><strong>v.</strong></span> <span class='ocrx_word' id='word_1_365' title='bbox 491 3873 564 3930; x_wconf 76' lang='lat'><strong>222.</strong></span> <span class='ocrx_word' id='word_1_366' title='bbox 599 3872 745 3961; x_wconf 75' lang='lat' dir='ltr'><strong>Quaeque</strong></span> <span class='ocrx_word' id='word_1_367' title='bbox 768 3873 834 3932; x_wconf 81' lang='lat' dir='ltr'><strong>dies</strong></span> <span class='ocrx_word' id='word_1_368' title='bbox 857 3870 1325 3951; x_wconf 71' lang='lat' dir='ltr'><strong>rara,·pun1mauamna,ratn.</strong></span> <span class='ocrx_word' id='word_1_369' title='bbox 1353 3872 1418 3939; x_wconf 73' lang='lat'><strong>0⁰¹·</strong></span> <span class='ocrx_word' id='word_1_370' title='bbox 1456 3918 1466 3958; x_wconf 76' lang='lat'><strong>,</strong></span> 
     </span>
     <span class='ocr_line' id='line_1_37' title="bbox 193 3972 1466 4063; baseline 0.006 -31"><span class='ocrx_word' id='word_1_371' title='bbox 193 3976 240 4032; x_wconf 81' lang='lat' dir='ltr'><strong>tra</strong></span> <span class='ocrx_word' id='word_1_372' title='bbox 260 3973 334 4050; x_wconf 92' lang='lat' dir='ltr'><strong>apud</strong></span> <span class='ocrx_word' id='word_1_373' title='bbox 359 3972 485 4033; x_wconf 87' lang='lat' dir='ltr'><strong>eumdem</strong></span> <span class='ocrx_word' id='word_1_374' title='bbox 508 3974 697 4052; x_wconf 86' lang='lat' dir='ltr'><strong>Propertium</strong></span> <span class='ocrx_word' id='word_1_375' title='bbox 711 3973 733 4035; x_wconf 91' lang='lat'><strong>1.</strong></span> <span class='ocrx_word' id='word_1_376' title='bbox 759 3997 792 4051; x_wconf 88' lang='grc' dir='ltr'><strong>ιι,</strong></span> <span class='ocrx_word' id='word_1_377' title='bbox 815 3980 868 4049; x_wconf 72' lang='grc'><strong>32.</strong></span> <span class='ocrx_word' id='word_1_378' title='bbox 910 3975 1022 4036; x_wconf 80' lang='lat' dir='ltr'><strong>Taedia</strong></span> <span class='ocrx_word' id='word_1_379' title='bbox 1049 3975 1118 4038; x_wconf 80' lang='lat' dir='ltr'><strong>dam</strong></span> <span class='ocrx_word' id='word_1_380' title='bbox 1142 3979 1276 4040; x_wconf 81' lang='lat' dir='ltr'><strong>miserae</strong></span> <span class='ocrx_word' id='word_1_381' title='bbox 1298 3985 1361 4053; x_wconf 76' lang='lat' dir='ltr'><strong>pist</strong></span> <span class='ocrx_word' id='word_1_382' title='bbox 1376 3974 1418 4040; x_wconf 74' lang='lat' dir='ltr'><strong>tili</strong></span> <span class='ocrx_word' id='word_1_383' title='bbox 1455 4015 1466 4063; x_wconf 65' lang='lat' dir='ltr'><strong>q</strong></span> 
     </span>
     <span class='ocr_line' id='line_1_38' title="bbox 194 4068 1466 4180; baseline 0.004 -44"><span class='ocrx_word' id='word_1_384' title='bbox 194 4068 362 4151; x_wconf 68' lang='lat' dir='ltr'><strong>incuriae,</strong></span> <span class='ocrx_word' id='word_1_385' title='bbox 391 4074 494 4136; x_wconf 87' lang='lat' dir='ltr'><strong>nullam</strong></span> <span class='ocrx_word' id='word_1_386' title='bbox 526 4079 635 4139; x_wconf 82' lang='lat' dir='ltr'><strong>toedio</strong></span> <span class='ocrx_word' id='word_1_387' title='bbox 662 4076 783 4156; x_wconf 91' lang='lat' dir='ltr'><strong>pluralis</strong></span> <span class='ocrx_word' id='word_1_388' title='bbox 810 4078 954 4157; x_wconf 88' lang='lat' dir='ltr'><strong>propriam</strong></span> <span class='ocrx_word' id='word_1_389' title='bbox 982 4079 1040 4139; x_wconf 90' lang='lat' dir='ltr'><strong>vim</strong></span> <span class='ocrx_word' id='word_1_390' title='bbox 1058 4079 1170 4158; x_wconf 81' lang='lat' dir='ltr'><strong>&#39;hahet,</strong></span> <span class='ocrx_word' id='word_1_391' title='bbox 1200 4080 1255 4143; x_wconf 86' lang='lat' dir='ltr'><strong>sed</strong></span> <span class='ocrx_word' id='word_1_392' title='bbox 1283 4085 1353 4162; x_wconf 82' lang='lat' dir='ltr'><strong>apta</strong></span> <span class='ocrx_word' id='word_1_393' title='bbox 1374 4077 1417 4141; x_wconf 86' lang='lat' dir='ltr'><strong>slll</strong></span> <span class='ocrx_word' id='word_1_394' title='bbox 1449 4084 1466 4180; x_wconf 52' lang='lat' dir='ltr'><strong>{q</strong></span> 
     </span>
     <span class='ocr_line' id='line_1_39' title="bbox 194 4172 1466 4274; baseline 0.002 -34"><span class='ocrx_word' id='word_1_395' title='bbox 194 4176 498 4258; x_wconf 83' lang='lat' dir='ltr'><strong>respondenttuedia</strong></span> <span class='ocrx_word' id='word_1_396' title='bbox 521 4181 730 4257; x_wconf 72' lang='lat' dir='ltr'><strong>elicueritis,</strong></span> <span class='ocrx_word' id='word_1_397' title='bbox 755 4182 786 4242; x_wconf 90' lang='lat' dir='ltr'><strong>ut</strong></span> <span class='ocrx_word' id='word_1_398' title='bbox 807 4182 1043 4274; x_wconf 86' lang='lat' dir='ltr'><strong>apud-Catonem</strong></span> <span class='ocrx_word' id='word_1_399' title='bbox 1058 4185 1191 4247; x_wconf 40' lang='lat' dir='ltr'><strong>,crimina</strong></span> <span class='ocrx_word' id='word_1_400' title='bbox 1216 4188 1247 4248; x_wconf 86' lang='lat' dir='ltr'><strong>et</strong></span> <span class='ocrx_word' id='word_1_401' title='bbox 1268 4185 1372 4267; x_wconf 73' lang='lat' dir='ltr'><strong>apetlt</strong></span> <span class='ocrx_word' id='word_1_402' title='bbox 1388 4177 1416 4243; x_wconf 87' lang='lat' dir='ltr'><strong>ll.</strong></span> <span class='ocrx_word' id='word_1_403' title='bbox 1449 4172 1466 4271; x_wconf 69' lang='lat' dir='ltr'><strong>&#39;q</strong></span> 
     </span>
     <span class='ocr_line' id='line_1_40' title="bbox 196 4278 1417 4365; baseline 0.007 -22"><span class='ocrx_word' id='word_1_404' title='bbox 196 4278 300 4357; x_wconf 80' lang='lat' dir='ltr'><strong>x&#39;xxn,</strong></span> <span class='ocrx_word' id='word_1_405' title='bbox 314 4280 358 4342; x_wconf 50' lang='lat'><strong>⁴2:</strong></span> <span class='ocrx_word' id='word_1_406' title='bbox 377 4279 444 4341; x_wconf 81' lang='lat' dir='ltr'><strong>nulli</strong></span> <span class='ocrx_word' id='word_1_407' title='bbox 466 4300 579 4364; x_wconf 89' lang='lat' dir='ltr'><strong>quoque</strong></span> <span class='ocrx_word' id='word_1_408' title='bbox 601 4301 670 4362; x_wconf 88' lang='lat' dir='ltr'><strong>prae</strong></span> <span class='ocrx_word' id='word_1_409' title='bbox 691 4284 815 4362; x_wconf 85' lang='lat' dir='ltr'><strong>vulgato</strong></span> <span class='ocrx_word' id='word_1_410' title='bbox 835 4283 919 4365; x_wconf 78' lang='lat' dir='ltr'><strong>sueti</strong></span> <span class='ocrx_word' id='word_1_411' title='bbox 940 4287 1183 4352; x_wconf 81' lang='lat' dir='ltr'><strong>crimioulumen</strong></span> <span class='ocrx_word' id='word_1_412' title='bbox 1204 4288 1317 4365; x_wconf 66' lang='lat' dir='ltr'><strong>datm,</strong></span> <span class='ocrx_word' id='word_1_413' title='bbox 1339 4301 1417 4350; x_wconf 74' lang='lat' dir='ltr'><strong>cnut-</strong></span> 
     </span>
     <span class='ocr_line' id='line_1_41' title="bbox 195 4384 1466 4499; baseline 0.006 -53"><span class='ocrx_word' id='word_1_414' title='bbox 195 4387 273 4446; x_wconf 88' lang='lat' dir='ltr'><strong>datio</strong></span> <span class='ocrx_word' id='word_1_415' title='bbox 295 4384 392 4464; x_wconf 88' lang='lat' dir='ltr'><strong>placet</strong></span> <span class='ocrx_word' id='word_1_416' title='bbox 414 4385 542 4460; x_wconf 87' lang='lat' dir='ltr'><strong>Helnsii,</strong></span> <span class='ocrx_word' id='word_1_417' title='bbox 564 4386 648 4467; x_wconf 77' lang='lat' dir='ltr'><strong>fucta·</strong></span> <span class='ocrx_word' id='word_1_418' title='bbox 667 4387 780 4450; x_wconf 81' lang='lat' dir='ltr'><strong>luminu</strong></span> <span class='ocrx_word' id='word_1_419' title='bbox 797 4393 907 4450; x_wconf 83' lang='lat' dir='ltr'><strong>crimea</strong></span> <span class='ocrx_word' id='word_1_420' title='bbox 924 4389 1044 4451; x_wconf 81' lang='lat' dir='ltr'><strong>dotent.</strong></span> <span class='ocrx_word' id='word_1_421' title='bbox 1084 4394 1240 4452; x_wconf 80' lang='lat' dir='ltr'><strong>Amatores</strong></span> <span class='ocrx_word' id='word_1_422' title='bbox 1256 4384 1416 4473; x_wconf 69' lang='lat' dir='ltr'><strong>qusnprel</strong></span> <span class='ocrx_word' id='word_1_423' title='bbox 1454 4429 1466 4499; x_wconf 66' lang='lat' dir='ltr'><strong>q</strong></span> 
     </span>
     <span class='ocr_line' id='line_1_42' title="bbox 193 4487 1466 4573; baseline 0.008 -19"><span class='ocrx_word' id='word_1_424' title='bbox 193 4490 257 4567; x_wconf 82' lang='lat' dir='ltr'><strong>los,</strong></span> <span class='ocrx_word' id='word_1_425' title='bbox 284 4489 388 4551; x_wconf 86' lang='lat' dir='ltr'><strong>hianda</strong></span> <span class='ocrx_word' id='word_1_426' title='bbox 410 4487 622 4568; x_wconf 86' lang='lat' dir='ltr'><strong>appellatione,</strong></span> <span class='ocrx_word' id='word_1_427' title='bbox 653 4511 724 4555; x_wconf 80' lang='lat' dir='ltr'><strong>aua·</strong></span> <span class='ocrx_word' id='word_1_428' title='bbox 739 4492 875 4573; x_wconf 74' lang='lat' dir='ltr'><strong>quadie,</strong></span> <span class='ocrx_word' id='word_1_429' title='bbox 906 4512 985 4556; x_wconf 83' lang='lat' dir='ltr'><strong>auus</strong></span> <span class='ocrx_word' id='word_1_430' title='bbox 1015 4494 1166 4573; x_wconf 66' lang='lat' dir='ltr'><strong>muman,</strong></span> <span class='ocrx_word' id='word_1_431' title='bbox 1194 4515 1285 4559; x_wconf 80' lang='lat' dir='ltr'><strong>ssor-</strong></span> <span class='ocrx_word' id='word_1_432' title='bbox 1301 4510 1417 4564; x_wconf 70' lang='lat' dir='ltr'><strong>mur</strong></span> <span class='ocrx_word' id='word_1_433' title='bbox 1464 4530 1466 4537; x_wconf 55' lang='lat'><strong><em>¹</em></strong></span> 
     </span>
    </p>
   </div>
   <div class='ocr_carea' id='block_1_3' title="bbox 0 0 1501 4986">
    <p class='ocr_par' dir='ltr' id='par_1_3' title="bbox 0 0 1501 4986">
     <span class='ocr_line' id='line_1_43' title="bbox 0 0 1501 4986; baseline 0 0"><span class='ocrx_word' id='word_1_434' title='bbox 0 0 1501 4986; x_wconf 95' lang='lat' dir='ltr'><strong> </strong></span> 
     </span>
    </p>
   </div>
  </div>
 </body>
</html>
