<?xml version="1.0" encoding="UTF-8"?>
<!DOCTYPE html PUBLIC "-//W3C//DTD XHTML 1.0 Transitional//EN"
    "http://www.w3.org/TR/xhtml1/DTD/xhtml1-transitional.dtd">
<html xmlns="http://www.w3.org/1999/xhtml" xml:lang="en" lang="en">
 <head>
  <title>
</title>
<meta http-equiv="Content-Type" content="text/html;charset=utf-8" />
  <meta name='ocr-system' content='tesseract 3.04.00' />
  <meta name='ocr-capabilities' content='ocr_page ocr_carea ocr_par ocr_line ocrx_word'/>
</head>
<body>
  <div class='ocr_page' id='page_1' title='image "./carminavaleriic00catogoog_0245.png"; bbox 0 0 2948 4986; ppageno 0'>
   <div class='ocr_carea' id='block_1_1' title="bbox 559 35 1138 278">
    <p class='ocr_par' dir='ltr' id='par_1_1' title="bbox 559 35 1138 278">
     <span class='ocr_line' id='line_1_1' title="bbox 559 35 1138 278; baseline -0.002 -21"><span class='ocrx_word' id='word_1_1' title='bbox 559 188 834 258; x_wconf 74' lang='grc' dir='ltr'>ιιιιιιιιιιιιο</span> <span class='ocrx_word' id='word_1_2' title='bbox 860 181 891 256; x_wconf 88' lang='grc' dir='ltr'><strong>ἰ.</strong></span> <span class='ocrx_word' id='word_1_3' title='bbox 1033 192 1035 197; x_wconf 88' lang='lat'><em>·</em></span> <span class='ocrx_word' id='word_1_4' title='bbox 1065 35 1138 278; x_wconf 84' lang='grc'><strong>11</strong></span> 
     </span>
    </p>
   </div>
   <div class='ocr_carea' id='block_1_2' title="bbox 6 356 1379 4615">
    <p class='ocr_par' dir='ltr' id='par_1_2' title="bbox 109 356 1379 1592">
     <span class='ocr_line' id='line_1_2' title="bbox 109 356 1337 457; baseline 0.002 -28"><span class='ocrx_word' id='word_1_5' title='bbox 109 377 176 430; x_wconf 87' lang='lat' dir='ltr'><strong>eto:</strong></span> <span class='ocrx_word' id='word_1_6' title='bbox 199 386 258 431; x_wconf 79' lang='lat' dir='ltr'><strong>oon</strong></span> <span class='ocrx_word' id='word_1_7' title='bbox 278 367 346 450; x_wconf 71' lang='lat' dir='ltr'><strong>ituit</strong></span> <span class='ocrx_word' id='word_1_8' title='bbox 362 367 517 431; x_wconf 78' lang='lat' dir='ltr'><strong>metuentis</strong></span> <span class='ocrx_word' id='word_1_9' title='bbox 538 368 598 429; x_wconf 84' lang='lat' dir='ltr'><strong>tttc</strong></span> <span class='ocrx_word' id='word_1_10' title='bbox 621 367 755 452; x_wconf 81' lang='lat' dir='ltr'><strong>quidem,</strong></span> <span class='ocrx_word' id='word_1_11' title='bbox 779 367 836 434; x_wconf 80' lang='lat' dir='ltr'><strong>aed.</strong></span> <span class='ocrx_word' id='word_1_12' title='bbox 858 367 1015 451; x_wconf 77' lang='lat' dir='ltr'><strong>affectata</strong></span> <span class='ocrx_word' id='word_1_13' title='bbox 1034 371 1140 454; x_wconf 83' lang='lat' dir='ltr'><strong>quatio</strong></span> <span class='ocrx_word' id='word_1_14' title='bbox 1157 356 1311 457; x_wconf 81' lang='lat' dir='ltr'><strong>poteri-&#39;et</strong></span> <span class='ocrx_word' id='word_1_15' title='bbox 1334 392 1337 399; x_wconf 73' lang='grc'><strong>’</strong></span> 
     </span>
     <span class='ocr_line' id='line_1_3' title="bbox 111 469 1343 550; baseline -0.001 -15"><span class='ocrx_word' id='word_1_16' title='bbox 111 472 343 535; x_wconf 79' lang='lat' dir='ltr'><strong>utatur-oratio.</strong></span> <span class='ocrx_word' id='word_1_17' title='bbox 388 472 507 533; x_wconf 76' lang='lat' dir='ltr'><strong>Praeter</strong></span> <span class='ocrx_word' id='word_1_18' title='bbox 523 469 649 535; x_wconf 80' lang='lat' dir='ltr'><strong>Culicem</strong></span> <span class='ocrx_word' id='word_1_19' title='bbox 671 471 708 532; x_wconf 87' lang='lat' dir='ltr'><strong>ab</strong></span> <span class='ocrx_word' id='word_1_20' title='bbox 730 471 878 550; x_wconf 84' lang='lat' dir='ltr'><strong>lipiscopo</strong></span> <span class='ocrx_word' id='word_1_21' title='bbox 901 470 1049 534; x_wconf 82' lang='lat' dir='ltr'><strong>Aleriensi</strong></span> <span class='ocrx_word' id='word_1_22' title='bbox 1071 474 1108 534; x_wconf 87' lang='lat' dir='ltr'><strong>ad</strong></span> <span class='ocrx_word' id='word_1_23' title='bbox 1124 473 1281 550; x_wconf 75' lang='lat' dir='ltr'><strong>Virgilium</strong></span> <span class='ocrx_word' id='word_1_24' title='bbox 1300 492 1343 534; x_wconf 69' lang='lat' dir='ltr'><strong>rm</strong></span> 
     </span>
     <span class='ocr_line' id='line_1_4' title="bbox 110 572 1342 655; baseline 0 -16"><span class='ocrx_word' id='word_1_25' title='bbox 110 579 240 639; x_wconf 87' lang='lat' dir='ltr'><strong>teruntur</strong></span> <span class='ocrx_word' id='word_1_26' title='bbox 256 576 350 638; x_wconf 83' lang='lat' dir='ltr'><strong>bace:</strong></span> <span class='ocrx_word' id='word_1_27' title='bbox 379 575 486 652; x_wconf 84' lang='lat' dir='ltr'><strong>Dirae,</strong></span> <span class='ocrx_word' id='word_1_28' title='bbox 510 573 607 655; x_wconf 76' lang='lat' dir='ltr'><strong>(iupa,</strong></span> <span class='ocrx_word' id='word_1_29' title='bbox 629 576 685 637; x_wconf 74' lang='lat' dir='ltr'><strong>list</strong></span> <span class='ocrx_word' id='word_1_30' title='bbox 700 579 730 636; x_wconf 87' lang='lat' dir='ltr'><strong>et</strong></span> <span class='ocrx_word' id='word_1_31' title='bbox 748 574 832 652; x_wconf 80' lang='lat' dir='ltr'><strong>Non,</strong></span> <span class='ocrx_word' id='word_1_32' title='bbox 855 575 909 636; x_wconf 92' lang='lat' dir='ltr'><strong>Vir</strong></span> <span class='ocrx_word' id='word_1_33' title='bbox 926 576 1034 654; x_wconf 88' lang='lat' dir='ltr'><strong>bonus,</strong></span> <span class='ocrx_word' id='word_1_34' title='bbox 1057 572 1178 654; x_wconf 68' lang='lat' dir='ltr'><strong>ltusa&#39;e,=</strong></span> <span class='ocrx_word' id='word_1_35' title='bbox 1198 578 1342 639; x_wconf 85' lang='lat' dir='ltr'><strong>ltloretum</strong></span> 
     </span>
     <span class='ocr_line' id='line_1_5' title="bbox 109 676 1314 760; baseline 0.001 -19"><span class='ocrx_word' id='word_1_36' title='bbox 109 680 157 741; x_wconf 89' lang='lat' dir='ltr'><strong>De</strong></span> <span class='ocrx_word' id='word_1_37' title='bbox 168 680 310 760; x_wconf 89' lang='lat' dir='ltr'><strong>Priapeiis</strong></span> <span class='ocrx_word' id='word_1_38' title='bbox 328 679 502 741; x_wconf 74' lang='lat' dir='ltr'><strong>dubitantem</strong></span> <span class='ocrx_word' id='word_1_39' title='bbox 518 679 663 740; x_wconf 87' lang='lat' dir='ltr'><strong>audiemus</strong></span> <span class='ocrx_word' id='word_1_40' title='bbox 678 680 706 739; x_wconf 94' lang='lat' dir='ltr'><strong>in</strong></span> <span class='ocrx_word' id='word_1_41' title='bbox 725 681 894 740; x_wconf 76' lang='lat' dir='ltr'><strong>recensione</strong></span> <span class='ocrx_word' id='word_1_42' title='bbox 907 684 1006 742; x_wconf 90' lang='lat' dir='ltr'><strong>nostra</strong></span> <span class='ocrx_word' id='word_1_43' title='bbox 1021 676 1314 743; x_wconf 79' lang='lat' dir='ltr'><strong>editionis&#39;llonmnae</strong></span> 
     </span>
     <span class='ocr_line' id='line_1_6' title="bbox 110 782 1344 874; baseline 0 -28"><span class='ocrx_word' id='word_1_44' title='bbox 110 784 243 866; x_wconf 88' lang='lat' dir='ltr'><strong>Denique</strong></span> <span class='ocrx_word' id='word_1_45' title='bbox 256 784 352 862; x_wconf 80' lang='lat' dir='ltr'><strong>addit,</strong></span> <span class='ocrx_word' id='word_1_46' title='bbox 374 783 448 847; x_wconf 81' lang='lat' dir='ltr'><strong>satis</strong></span> <span class='ocrx_word' id='word_1_47' title='bbox 460 800 517 863; x_wconf 93' lang='lat' dir='ltr'><strong>pro</strong></span> <span class='ocrx_word' id='word_1_48' title='bbox 534 782 582 844; x_wconf 86' lang='lat' dir='ltr'><strong>illa</strong></span> <span class='ocrx_word' id='word_1_49' title='bbox 592 787 687 845; x_wconf 81' lang='lat' dir='ltr'><strong>rotata</strong></span> <span class='ocrx_word' id='word_1_50' title='bbox 700 786 782 844; x_wconf 86' lang='lat' dir='ltr'><strong>rante</strong></span> <span class='ocrx_word' id='word_1_51' title='bbox 800 798 834 843; x_wconf 90' lang='lat' dir='ltr'><strong>ac</strong></span> <span class='ocrx_word' id='word_1_52' title='bbox 845 786 1008 863; x_wconf 82' lang='lat' dir='ltr'><strong>supienter:</strong></span> <span class='ocrx_word' id='word_1_53' title='bbox 1033 784 1122 874; x_wconf 73' lang='lat' dir='ltr'><strong>(tune</strong></span> <span class='ocrx_word' id='word_1_54' title='bbox 1134 794 1265 868; x_wconf 83' lang='lat' dir='ltr'><strong>praeter</strong></span> <span class='ocrx_word' id='word_1_55' title='bbox 1278 788 1344 848; x_wconf 77' lang='lat' dir='ltr'><strong>daeo</strong></span> 
     </span>
     <span class='ocr_line' id='line_1_7' title="bbox 109 885 1343 970; baseline -0.002 -19"><span class='ocrx_word' id='word_1_56' title='bbox 109 887 261 970; x_wconf 77' lang='lat' dir='ltr'><strong>opuscula</strong></span> <span class='ocrx_word' id='word_1_57' title='bbox 278 891 310 948; x_wconf 85' lang='lat' dir='ltr'><strong>in</strong></span> <span class='ocrx_word' id='word_1_58' title='bbox 331 892 436 949; x_wconf 81' lang='lat' dir='ltr'><strong>noetm</strong></span> <span class='ocrx_word' id='word_1_59' title='bbox 456 896 530 949; x_wconf 85' lang='lat' dir='ltr'><strong>eunt</strong></span> <span class='ocrx_word' id='word_1_60' title='bbox 551 886 675 948; x_wconf 81' lang='lat' dir='ltr'><strong>codice:</strong></span> <span class='ocrx_word' id='word_1_61' title='bbox 697 907 742 948; x_wconf 90' lang='lat' dir='ltr'><strong>me</strong></span> <span class='ocrx_word' id='word_1_62' title='bbox 757 885 872 949; x_wconf 85' lang='lat' dir='ltr'><strong>arbitro</strong></span> <span class='ocrx_word' id='word_1_63' title='bbox 894 907 976 949; x_wconf 84' lang='lat' dir='ltr'><strong>nemo</strong></span> <span class='ocrx_word' id='word_1_64' title='bbox 999 891 1168 970; x_wconf 79' lang='lat' dir='ltr'><strong>epitupleiie</strong></span> <span class='ocrx_word' id='word_1_65' title='bbox 1182 890 1343 952; x_wconf 82' lang='lat' dir='ltr'><strong>ueroicutie</strong></span> 
     </span>
     <span class='ocr_line' id='line_1_8' title="bbox 110 988 1345 1078; baseline 0.001 -23"><span class='ocrx_word' id='word_1_66' title='bbox 110 993 228 1055; x_wconf 70' lang='lat' dir='ltr'><strong>duodus</strong></span> <span class='ocrx_word' id='word_1_67' title='bbox 242 996 378 1073; x_wconf 77' lang='lat' dir='ltr'><strong>exeeptis</strong></span> <span class='ocrx_word' id='word_1_68' title='bbox 398 988 470 1053; x_wconf 83' lang='lat' dir='ltr'><strong>Voti</strong></span> <span class='ocrx_word' id='word_1_69' title='bbox 490 991 600 1052; x_wconf 75' lang='lat' dir='ltr'><strong>tritaet</strong></span> <span class='ocrx_word' id='word_1_70' title='bbox 617 991 800 1052; x_wconf 76' lang='lat' dir='ltr'><strong>Mantuano.</strong></span> <span class='ocrx_word' id='word_1_71' title='bbox 823 1011 862 1052; x_wconf 80' lang='lat' dir='ltr'><strong>ee</strong></span> <span class='ocrx_word' id='word_1_72' title='bbox 880 995 998 1072; x_wconf 75' lang='lat' dir='ltr'><strong>inperio</strong></span> <span class='ocrx_word' id='word_1_73' title='bbox 1018 992 1076 1054; x_wconf 86' lang='lat' dir='ltr'><strong>itta</strong></span> <span class='ocrx_word' id='word_1_74' title='bbox 1097 997 1233 1078; x_wconf 81' lang='lat' dir='ltr'><strong>quicque</strong></span> <span class='ocrx_word' id='word_1_75' title='bbox 1244 1014 1345 1057; x_wconf 82' lang='lat' dir='ltr'><strong>cenae·</strong></span> 
     </span>
     <span class='ocr_line' id='line_1_9' title="bbox 110 1092 1346 1188; baseline -0.002 -28"><span class='ocrx_word' id='word_1_76' title='bbox 110 1098 154 1160; x_wconf 86' lang='lat' dir='ltr'><strong>bit</strong></span> <span class='ocrx_word' id='word_1_77' title='bbox 175 1116 242 1160; x_wconf 80' lang='lat' dir='ltr'><strong>ouo.</strong></span> <span class='ocrx_word' id='word_1_78' title='bbox 266 1095 397 1157; x_wconf 83' lang='lat' dir='ltr'><strong>codicem</strong></span> <span class='ocrx_word' id='word_1_79' title='bbox 417 1112 498 1175; x_wconf 90' lang='lat' dir='ltr'><strong>quum</strong></span> <span class='ocrx_word' id='word_1_80' title='bbox 513 1094 596 1169; x_wconf 87' lang='lat' dir='ltr'><strong>dicit,</strong></span> <span class='ocrx_word' id='word_1_81' title='bbox 614 1092 689 1154; x_wconf 87' lang='lat' dir='ltr'><strong>huno</strong></span> <span class='ocrx_word' id='word_1_82' title='bbox 707 1113 785 1155; x_wconf 84' lang='lat' dir='ltr'><strong>auam</strong></span> <span class='ocrx_word' id='word_1_83' title='bbox 802 1094 970 1179; x_wconf 79' lang='lat' dir='ltr'><strong>editionem,</strong></span> <span class='ocrx_word' id='word_1_84' title='bbox 988 1094 1144 1156; x_wconf 82' lang='lat' dir='ltr'><strong>Romanam</strong></span> <span class='ocrx_word' id='word_1_85' title='bbox 1158 1096 1181 1157; x_wconf 90' lang='lat'><strong>1.</strong></span> <span class='ocrx_word' id='word_1_86' title='bbox 1197 1097 1346 1188; x_wconf 61' lang='lat' dir='ltr'><strong>intelligit,</strong></span> 
     </span>
     <span class='ocr_line' id='line_1_10' title="bbox 110 1195 1379 1282; baseline 0.001 -20"><span class='ocrx_word' id='word_1_87' title='bbox 110 1206 140 1262; x_wconf 93' lang='lat' dir='ltr'><strong>et</strong></span> <span class='ocrx_word' id='word_1_88' title='bbox 155 1219 227 1282; x_wconf 88' lang='lat' dir='ltr'><strong>quos</strong></span> <span class='ocrx_word' id='word_1_89' title='bbox 242 1200 312 1261; x_wconf 90' lang='lat' dir='ltr'><strong>dicit</strong></span> <span class='ocrx_word' id='word_1_90' title='bbox 331 1195 493 1278; x_wconf 82' lang='lat' dir='ltr'><strong>epitaphios</strong></span> <span class='ocrx_word' id='word_1_91' title='bbox 510 1197 675 1259; x_wconf 86' lang='lat' dir='ltr'><strong>versiculos</strong></span> <span class='ocrx_word' id='word_1_92' title='bbox 697 1199 769 1275; x_wconf 89' lang='lat' dir='ltr'><strong>doo,</strong></span> <span class='ocrx_word' id='word_1_93' title='bbox 787 1196 863 1259; x_wconf 87' lang='lat' dir='ltr'><strong>baud</strong></span> <span class='ocrx_word' id='word_1_94' title='bbox 885 1199 971 1260; x_wconf 91' lang='lat' dir='ltr'><strong>dubie</strong></span> <span class='ocrx_word' id='word_1_95' title='bbox 987 1203 1054 1260; x_wconf 89' lang='lat' dir='ltr'><strong>sunt</strong></span> <span class='ocrx_word' id='word_1_96' title='bbox 1072 1200 1220 1263; x_wconf 19' lang='lat' dir='ltr'><strong>Mantuae</strong></span> <span class='ocrx_word' id='word_1_97' title='bbox 1232 1223 1279 1263; x_wconf 89' lang='lat' dir='ltr'><strong>me</strong></span> <span class='ocrx_word' id='word_1_98' title='bbox 1297 1221 1346 1282; x_wconf 80' lang='lat' dir='ltr'><strong>pe·</strong></span> <span class='ocrx_word' id='word_1_99' title='bbox 1377 1270 1379 1275; x_wconf 88' lang='lat'><em>.</em></span> 
     </span>
     <span class='ocr_line' id='line_1_11' title="bbox 109 1294 1379 1385; baseline 0.001 -20"><span class='ocrx_word' id='word_1_100' title='bbox 109 1309 175 1365; x_wconf 87' lang='lat' dir='ltr'><strong>nuit</strong></span> <span class='ocrx_word' id='word_1_101' title='bbox 192 1308 249 1365; x_wconf 90' lang='grc' dir='ltr'>ιιι.</span> <span class='ocrx_word' id='word_1_102' title='bbox 294 1301 368 1385; x_wconf 79' lang='lat' dir='ltr'><strong>Quid</strong></span> <span class='ocrx_word' id='word_1_103' title='bbox 393 1301 429 1361; x_wconf 89' lang='lat' dir='ltr'><strong>dc</strong></span> <span class='ocrx_word' id='word_1_104' title='bbox 447 1302 500 1378; x_wconf 88' lang='lat' dir='ltr'><strong>iis,</strong></span> <span class='ocrx_word' id='word_1_105' title='bbox 523 1320 596 1382; x_wconf 91' lang='lat' dir='ltr'><strong>qnae</strong></span> <span class='ocrx_word' id='word_1_106' title='bbox 619 1306 724 1385; x_wconf 78' lang='lat' dir='ltr'><strong>postea</strong></span> <span class='ocrx_word' id='word_1_107' title='bbox 744 1307 950 1380; x_wconf 85' lang='lat' dir='ltr'><strong>accesserunt,</strong></span> <span class='ocrx_word' id='word_1_108' title='bbox 974 1304 1001 1364; x_wconf 92' lang='lat' dir='ltr'><strong>in</strong></span> <span class='ocrx_word' id='word_1_109' title='bbox 1025 1304 1151 1365; x_wconf 86' lang='lat' dir='ltr'><strong>editione</strong></span> <span class='ocrx_word' id='word_1_110' title='bbox 1168 1294 1379 1375; x_wconf 66' lang='lat' dir='ltr'><strong>nocuerint</strong></span> 
     </span>
     <span class='ocr_line' id='line_1_12' title="bbox 110 1402 1367 1490; baseline 0.001 -22"><span class='ocrx_word' id='word_1_111' title='bbox 110 1409 300 1483; x_wconf 80' lang='lat' dir='ltr'><strong>iudicaverit,</strong></span> <span class='ocrx_word' id='word_1_112' title='bbox 330 1423 385 1467; x_wconf 93' lang='lat' dir='ltr'><strong>non</strong></span> <span class='ocrx_word' id='word_1_113' title='bbox 408 1406 575 1483; x_wconf 74' lang='lat' dir='ltr'><strong>significate</strong></span> <span class='ocrx_word' id='word_1_114' title='bbox 604 1407 634 1466; x_wconf 93' lang='lat' dir='ltr'><strong>in</strong></span> <span class='ocrx_word' id='word_1_115' title='bbox 656 1406 755 1468; x_wconf 83' lang='lat' dir='ltr'><strong>Aetna</strong></span> <span class='ocrx_word' id='word_1_116' title='bbox 778 1409 883 1468; x_wconf 90' lang='lat' dir='ltr'><strong>tantum</strong></span> <span class='ocrx_word' id='word_1_117' title='bbox 906 1407 1007 1484; x_wconf 86' lang='lat' dir='ltr'><strong>titulo,</strong></span> <span class='ocrx_word' id='word_1_118' title='bbox 1036 1424 1118 1490; x_wconf 89' lang='lat' dir='ltr'><strong>quem</strong></span> <span class='ocrx_word' id='word_1_119' title='bbox 1140 1410 1215 1471; x_wconf 88' lang='lat' dir='ltr'><strong>tecit</strong></span> <span class='ocrx_word' id='word_1_120' title='bbox 1236 1411 1263 1471; x_wconf 91' lang='lat' dir='ltr'><strong>ei</strong></span> <span class='ocrx_word' id='word_1_121' title='bbox 1285 1402 1367 1471; x_wconf 85' lang='grc' dir='ltr'><strong>ιιι-Ι</strong></span> 
     </span>
     <span class='ocr_line' id='line_1_13' title="bbox 110 1511 1164 1592; baseline 0.001 -19"><span class='ocrx_word' id='word_1_122' title='bbox 110 1513 191 1583; x_wconf 81' lang='lat' dir='ltr'><strong>mini,</strong></span> <span class='ocrx_word' id='word_1_123' title='bbox 215 1511 417 1572; x_wconf 89' lang='lat' dir='ltr'><strong>dubitationem</strong></span> <span class='ocrx_word' id='word_1_124' title='bbox 440 1527 495 1569; x_wconf 92' lang='lat' dir='ltr'><strong>nun</strong></span> <span class='ocrx_word' id='word_1_125' title='bbox 517 1513 573 1570; x_wconf 91' lang='lat' dir='ltr'><strong>tom</strong></span> <span class='ocrx_word' id='word_1_126' title='bbox 596 1528 693 1586; x_wconf 80' lang='lat' dir='ltr'><strong>ruam,</strong></span> <span class='ocrx_word' id='word_1_127' title='bbox 716 1528 798 1591; x_wconf 88' lang='lat' dir='ltr'><strong>qnam</strong></span> <span class='ocrx_word' id='word_1_128' title='bbox 820 1511 985 1591; x_wconf 84' lang='lat' dir='ltr'><strong>Pomponii,</strong></span> <span class='ocrx_word' id='word_1_129' title='bbox 1007 1512 1164 1592; x_wconf 79' lang='lat' dir='ltr'><strong>significat</strong></span> 
     </span>
    </p>

    <p class='ocr_par' dir='ltr' id='par_1_3' title="bbox 109 1613 1344 2421">
     <span class='ocr_line' id='line_1_14' title="bbox 174 1613 1344 1694; baseline 0 -17"><span class='ocrx_word' id='word_1_130' title='bbox 174 1616 274 1692; x_wconf 82' lang='lat' dir='ltr'><strong>Pergo</strong></span> <span class='ocrx_word' id='word_1_131' title='bbox 289 1614 325 1676; x_wconf 92' lang='lat' dir='ltr'><strong>ad</strong></span> <span class='ocrx_word' id='word_1_132' title='bbox 342 1614 516 1676; x_wconf 82' lang='lat' dir='ltr'><strong>Cetclectn.</strong></span> <span class='ocrx_word' id='word_1_133' title='bbox 552 1613 595 1674; x_wconf 78' lang='lat' dir='ltr'><strong>ila</strong></span> <span class='ocrx_word' id='word_1_134' title='bbox 610 1630 674 1673; x_wconf 90' lang='lat' dir='ltr'><strong>raro</strong></span> <span class='ocrx_word' id='word_1_135' title='bbox 693 1615 815 1675; x_wconf 86' lang='lat' dir='ltr'><strong>inveniri</strong></span> <span class='ocrx_word' id='word_1_136' title='bbox 834 1616 861 1674; x_wconf 93' lang='lat' dir='ltr'><strong>in</strong></span> <span class='ocrx_word' id='word_1_137' title='bbox 875 1613 958 1676; x_wconf 86' lang='lat' dir='ltr'><strong>libris</strong></span> <span class='ocrx_word' id='word_1_138' title='bbox 969 1616 1086 1694; x_wconf 89' lang='lat' dir='ltr'><strong>seriptis</strong></span> <span class='ocrx_word' id='word_1_139' title='bbox 1097 1633 1187 1694; x_wconf 89' lang='lat' dir='ltr'><strong>supra</strong></span> <span class='ocrx_word' id='word_1_140' title='bbox 1199 1615 1344 1679; x_wconf 86' lang='lat' dir='ltr'><strong>indicatum</strong></span> 
     </span>
     <span class='ocr_line' id='line_1_15' title="bbox 111 1716 1344 1801; baseline -0.002 -18"><span class='ocrx_word' id='word_1_141' title='bbox 111 1723 172 1797; x_wconf 88' lang='lat' dir='ltr'><strong>est3</strong></span> <span class='ocrx_word' id='word_1_142' title='bbox 196 1718 298 1801; x_wconf 88' lang='lat' dir='ltr'><strong>quibus</strong></span> <span class='ocrx_word' id='word_1_143' title='bbox 321 1722 413 1779; x_wconf 89' lang='lat' dir='ltr'><strong>autem</strong></span> <span class='ocrx_word' id='word_1_144' title='bbox 427 1718 455 1777; x_wconf 94' lang='lat' dir='ltr'><strong>ln</strong></span> <span class='ocrx_word' id='word_1_145' title='bbox 472 1716 556 1778; x_wconf 86' lang='lat' dir='ltr'><strong>libris</strong></span> <span class='ocrx_word' id='word_1_146' title='bbox 571 1717 659 1795; x_wconf 87' lang='lat' dir='ltr'><strong>meis,</strong></span> <span class='ocrx_word' id='word_1_147' title='bbox 682 1719 744 1778; x_wconf 87' lang='lat' dir='ltr'><strong>eta</strong></span> <span class='ocrx_word' id='word_1_148' title='bbox 766 1718 871 1798; x_wconf 91' lang='lat' dir='ltr'><strong>qulbus</strong></span> <span class='ocrx_word' id='word_1_149' title='bbox 891 1718 969 1780; x_wconf 85' lang='lat' dir='ltr'><strong>edita</strong></span> <span class='ocrx_word' id='word_1_150' title='bbox 987 1719 1107 1795; x_wconf 86' lang='lat' dir='ltr'><strong>luerint,</strong></span> <span class='ocrx_word' id='word_1_151' title='bbox 1130 1719 1249 1780; x_wconf 83' lang='lat' dir='ltr'><strong>dicetm-</strong></span> <span class='ocrx_word' id='word_1_152' title='bbox 1264 1737 1344 1780; x_wconf 86' lang='lat' dir='ltr'><strong>accu-</strong></span> 
     </span>
     <span class='ocr_line' id='line_1_16' title="bbox 110 1819 1343 1899; baseline -0.002 -12"><span class='ocrx_word' id='word_1_153' title='bbox 110 1829 173 1888; x_wconf 89' lang='lat' dir='ltr'><strong>rate</strong></span> <span class='ocrx_word' id='word_1_154' title='bbox 186 1824 261 1884; x_wconf 89' lang='lat' dir='ltr'><strong>inira</strong></span> <span class='ocrx_word' id='word_1_155' title='bbox 275 1821 493 1883; x_wconf 86' lang='lat' dir='ltr'><strong>ichcensione</strong></span> <span class='ocrx_word' id='word_1_156' title='bbox 511 1819 655 1882; x_wconf 91' lang='lat' dir='ltr'><strong>librorum.</strong></span> <span class='ocrx_word' id='word_1_157' title='bbox 683 1820 768 1881; x_wconf 85' lang='lat' dir='ltr'><strong>Nunc</strong></span> <span class='ocrx_word' id='word_1_158' title='bbox 781 1820 848 1881; x_wconf 90' lang='lat' dir='ltr'><strong>illud</strong></span> <span class='ocrx_word' id='word_1_159' title='bbox 867 1820 1077 1883; x_wconf 89' lang='lat' dir='ltr'><strong>observandum</strong></span> <span class='ocrx_word' id='word_1_160' title='bbox 1084 1866 1095 1899; x_wconf 91' lang='lat'><em>‚</em></span> <span class='ocrx_word' id='word_1_161' title='bbox 1113 1840 1184 1884; x_wconf 89' lang='lat' dir='ltr'><strong>esse</strong></span> <span class='ocrx_word' id='word_1_162' title='bbox 1200 1822 1343 1886; x_wconf 79' lang='lat' dir='ltr'><strong>Catalecta</strong></span> 
     </span>
     <span class='ocr_line' id='line_1_17' title="bbox 112 1924 1341 2005; baseline -0.002 -15"><span class='ocrx_word' id='word_1_163' title='bbox 112 1931 140 1990; x_wconf 92' lang='lat' dir='ltr'><strong>in</strong></span> <span class='ocrx_word' id='word_1_164' title='bbox 163 1927 289 1989; x_wconf 88' lang='lat' dir='ltr'><strong>editione</strong></span> <span class='ocrx_word' id='word_1_165' title='bbox 311 1925 436 2004; x_wconf 86' lang='lat' dir='ltr'><strong>Heynil,</strong></span> <span class='ocrx_word' id='word_1_166' title='bbox 465 1927 494 1986; x_wconf 93' lang='lat' dir='ltr'><strong>et</strong></span> <span class='ocrx_word' id='word_1_167' title='bbox 516 1924 562 2005; x_wconf 93' lang='lat' dir='ltr'><strong>qul</strong></span> <span class='ocrx_word' id='word_1_168' title='bbox 592 1924 640 1985; x_wconf 91' lang='lat' dir='ltr'><strong>alil</strong></span> <span class='ocrx_word' id='word_1_169' title='bbox 667 1928 887 1985; x_wconf 84' lang='lat' dir='ltr'><strong>antecesserunt</strong></span> <span class='ocrx_word' id='word_1_170' title='bbox 913 1926 1074 2004; x_wconf 83' lang='lat' dir='ltr'><strong>Heyulnm,</strong></span> <span class='ocrx_word' id='word_1_171' title='bbox 1104 1925 1159 1987; x_wconf 81' lang='lat' dir='ltr'><strong>sed</strong></span> <span class='ocrx_word' id='word_1_172' title='bbox 1191 1944 1274 1987; x_wconf 91' lang='lat' dir='ltr'><strong>unum</strong></span> <span class='ocrx_word' id='word_1_173' title='bbox 1294 1926 1341 1988; x_wconf 90' lang='lat' dir='ltr'><strong>de-</strong></span> 
     </span>
     <span class='ocr_line' id='line_1_18' title="bbox 112 2010 1339 2111; baseline -0.003 -18"><span class='ocrx_word' id='word_1_174' title='bbox 112 2031 178 2093; x_wconf 89' lang='lat' dir='ltr'><strong>blnc</strong></span> <span class='ocrx_word' id='word_1_175' title='bbox 200 2030 343 2091; x_wconf 86' lang='lat' dir='ltr'><strong>nominare</strong></span> <span class='ocrx_word' id='word_1_176' title='bbox 357 2029 499 2107; x_wconf 86' lang='lat' dir='ltr'><strong>Heynium</strong></span> <span class='ocrx_word' id='word_1_177' title='bbox 521 2029 593 2089; x_wconf 83' lang='lat' dir='ltr'><strong>ratis</strong></span> <span class='ocrx_word' id='word_1_178' title='bbox 616 2027 725 2089; x_wconf 87' lang='lat' dir='ltr'><strong>babeo:</strong></span> <span class='ocrx_word' id='word_1_179' title='bbox 749 2030 850 2107; x_wconf 90' lang='lat' dir='ltr'><strong>partlm</strong></span> <span class='ocrx_word' id='word_1_180' title='bbox 873 2010 1017 2107; x_wconf 86' lang='lat' dir='ltr'><strong>pleniora,</strong></span> <span class='ocrx_word' id='word_1_181' title='bbox 1039 2046 1120 2111; x_wconf 87' lang='lat' dir='ltr'><strong>quam</strong></span> <span class='ocrx_word' id='word_1_182' title='bbox 1143 2035 1213 2092; x_wconf 86' lang='lat' dir='ltr'><strong>sunt</strong></span> <span class='ocrx_word' id='word_1_183' title='bbox 1234 2031 1262 2090; x_wconf 92' lang='lat' dir='ltr'><strong>lu</strong></span> <span class='ocrx_word' id='word_1_184' title='bbox 1283 2030 1339 2091; x_wconf 89' lang='lat' dir='ltr'><strong>edl-</strong></span> 
     </span>
     <span class='ocr_line' id='line_1_19' title="bbox 110 2123 1337 2217; baseline -0.002 -20"><span class='ocrx_word' id='word_1_185' title='bbox 110 2137 190 2198; x_wconf 88' lang='lat' dir='ltr'><strong>tione</strong></span> <span class='ocrx_word' id='word_1_186' title='bbox 217 2134 432 2217; x_wconf 80' lang='lat' dir='ltr'><strong>antiquisslma,</strong></span> <span class='ocrx_word' id='word_1_187' title='bbox 465 2133 567 2212; x_wconf 87' lang='lat' dir='ltr'><strong>partim</strong></span> <span class='ocrx_word' id='word_1_188' title='bbox 596 2133 688 2191; x_wconf 89' lang='lat' dir='ltr'><strong>minus</strong></span> <span class='ocrx_word' id='word_1_189' title='bbox 716 2129 813 2210; x_wconf 90' lang='lat' dir='ltr'><strong>plenu.</strong></span> <span class='ocrx_word' id='word_1_190' title='bbox 862 2130 935 2192; x_wconf 92' lang='lat' dir='ltr'><strong>illud</strong></span> <span class='ocrx_word' id='word_1_191' title='bbox 966 2132 1058 2210; x_wconf 82' lang='lat' dir='ltr'><strong>bene3</strong></span> <span class='ocrx_word' id='word_1_192' title='bbox 1085 2131 1143 2195; x_wconf 89' lang='lat' dir='ltr'><strong>hoc</strong></span> <span class='ocrx_word' id='word_1_193' title='bbox 1171 2150 1229 2195; x_wconf 92' lang='lat' dir='ltr'><strong>non</strong></span> <span class='ocrx_word' id='word_1_194' title='bbox 1249 2123 1337 2209; x_wconf 60' lang='lat' dir='ltr'><strong>‘neue</strong></span> 
     </span>
     <span class='ocr_line' id='line_1_20' title="bbox 109 2234 1337 2322; baseline -0.003 -22"><span class='ocrx_word' id='word_1_195' title='bbox 109 2257 203 2322; x_wconf 91' lang='lat' dir='ltr'><strong>neque</strong></span> <span class='ocrx_word' id='word_1_196' title='bbox 225 2239 337 2300; x_wconf 91' lang='lat' dir='ltr'><strong>dublum</strong></span> <span class='ocrx_word' id='word_1_197' title='bbox 359 2237 425 2298; x_wconf 86' lang='lat' dir='ltr'><strong>milri</strong></span> <span class='ocrx_word' id='word_1_198' title='bbox 447 2236 558 2319; x_wconf 92' lang='lat' dir='ltr'><strong>quidem</strong></span> <span class='ocrx_word' id='word_1_199' title='bbox 579 2235 710 2310; x_wconf 82' lang='lat' dir='ltr'><strong>videtur,</strong></span> <span class='ocrx_word' id='word_1_200' title='bbox 741 2236 806 2316; x_wconf 91' lang='lat' dir='ltr'><strong>quio</strong></span> <span class='ocrx_word' id='word_1_201' title='bbox 828 2236 1006 2298; x_wconf 89' lang='lat' dir='ltr'><strong>restituenda</strong></span> <span class='ocrx_word' id='word_1_202' title='bbox 1028 2237 1089 2297; x_wconf 82' lang='lat' dir='ltr'><strong>sint</strong></span> <span class='ocrx_word' id='word_1_203' title='bbox 1111 2234 1272 2301; x_wconf 72' lang='lat' dir='ltr'><strong>catalectls</strong></span> <span class='ocrx_word' id='word_1_204' title='bbox 1292 2238 1337 2298; x_wconf 89' lang='lat' dir='ltr'><strong>tria</strong></span> 
     </span>
     <span class='ocr_line' id='line_1_21' title="bbox 109 2337 1335 2421; baseline -0.002 -17"><span class='ocrx_word' id='word_1_205' title='bbox 109 2342 229 2405; x_wconf 84' lang='lat' dir='ltr'><strong>exclusa</strong></span> <span class='ocrx_word' id='word_1_206' title='bbox 256 2342 294 2403; x_wconf 91' lang='lat' dir='ltr'><strong>ab</strong></span> <span class='ocrx_word' id='word_1_207' title='bbox 322 2340 439 2420; x_wconf 81' lang='lat' dir='ltr'><strong>lleynio</strong></span> <span class='ocrx_word' id='word_1_208' title='bbox 468 2341 600 2402; x_wconf 87' lang='lat' dir='ltr'><strong>earmina.</strong></span> <span class='ocrx_word' id='word_1_209' title='bbox 652 2337 733 2421; x_wconf 80' lang='lat' dir='ltr'><strong>Quae</strong></span> <span class='ocrx_word' id='word_1_210' title='bbox 767 2339 834 2418; x_wconf 91' lang='lat' dir='ltr'><strong>plus</strong></span> <span class='ocrx_word' id='word_1_211' title='bbox 862 2338 952 2401; x_wconf 87' lang='lat' dir='ltr'><strong>babet</strong></span> <span class='ocrx_word' id='word_1_212' title='bbox 983 2339 1134 2419; x_wconf 83' lang='lat' dir='ltr'><strong>Heynius,</strong></span> <span class='ocrx_word' id='word_1_213' title='bbox 1165 2339 1241 2404; x_wconf 84' lang='lat' dir='ltr'><strong>lraec</strong></span> <span class='ocrx_word' id='word_1_214' title='bbox 1265 2345 1335 2402; x_wconf 83' lang='lat' dir='ltr'><strong>suot:</strong></span> 
     </span>
    </p>

    <p class='ocr_par' dir='ltr' id='par_1_4' title="bbox 6 2442 1379 3148">
     <span class='ocr_line' id='line_1_22' title="bbox 6 2442 1335 2529; baseline 0 -20"><span class='ocrx_word' id='word_1_215' title='bbox 6 2516 9 2521; x_wconf 55' lang='grc'>,</span> <span class='ocrx_word' id='word_1_216' title='bbox 63 2454 73 2474; x_wconf 87' lang='grc'><strong>“·</strong></span> <span class='ocrx_word' id='word_1_217' title='bbox 111 2465 222 2510; x_wconf 85' lang='lat' dir='ltr'><strong>camreu</strong></span> <span class='ocrx_word' id='word_1_218' title='bbox 245 2445 299 2509; x_wconf 90' lang='lat' dir='ltr'><strong>Vl.</strong></span> <span class='ocrx_word' id='word_1_219' title='bbox 322 2442 428 2522; x_wconf 77' lang='lat' dir='ltr'><strong>(Auen.</strong></span> <span class='ocrx_word' id='word_1_220' title='bbox 450 2445 514 2507; x_wconf 82' lang='lat' dir='ltr'><strong>int.</strong></span> <span class='ocrx_word' id='word_1_221' title='bbox 531 2442 555 2504; x_wconf 92' lang='grc' dir='ltr'><strong>Ι.</strong></span> <span class='ocrx_word' id='word_1_222' title='bbox 576 2444 678 2520; x_wconf 73' lang='lat' dir='ltr'><strong>exuo.)</strong></span> <span class='ocrx_word' id='word_1_223' title='bbox 702 2442 894 2505; x_wconf 88' lang='lat' dir='ltr'><strong>dulcissimum</strong></span> <span class='ocrx_word' id='word_1_224' title='bbox 917 2443 1000 2505; x_wconf 86' lang='lat' dir='ltr'><strong>illud:</strong></span> <span class='ocrx_word' id='word_1_225' title='bbox 1023 2445 1061 2507; x_wconf 83' lang='lat' dir='ltr'><strong>Si</strong></span> <span class='ocrx_word' id='word_1_226' title='bbox 1080 2447 1152 2508; x_wconf 83' lang='lat' dir='ltr'><strong>midi</strong></span> <span class='ocrx_word' id='word_1_227' title='bbox 1174 2453 1335 2529; x_wconf 71' lang='lat' dir='ltr'><strong>susceptum</strong></span> 
     </span>
     <span class='ocr_line' id='line_1_23' title="bbox 108 2545 1334 2633; baseline -0.002 -20"><span class='ocrx_word' id='word_1_228' title='bbox 108 2554 205 2633; x_wconf 76' lang='lat' dir='ltr'><strong>suerit</strong></span> <span class='ocrx_word' id='word_1_229' title='bbox 222 2552 384 2614; x_wconf 78' lang='lat' dir='ltr'><strong>decurrere</strong></span> <span class='ocrx_word' id='word_1_230' title='bbox 402 2570 509 2613; x_wconf 78' lang='lat' dir='ltr'><strong>munuc</strong></span> <span class='ocrx_word' id='word_1_231' title='bbox 518 2591 530 2625; x_wconf 90' lang='lat'><strong><em>,</em></strong></span> <span class='ocrx_word' id='word_1_232' title='bbox 554 2549 611 2610; x_wconf 91' lang='lat' dir='ltr'><strong>etc.</strong></span> <span class='ocrx_word' id='word_1_233' title='bbox 655 2545 757 2607; x_wconf 91' lang='lat' dir='ltr'><strong>deiude</strong></span> <span class='ocrx_word' id='word_1_234' title='bbox 772 2563 883 2609; x_wconf 88' lang='lat' dir='ltr'><strong>carmen</strong></span> <span class='ocrx_word' id='word_1_235' title='bbox 897 2546 950 2611; x_wconf 90' lang='lat' dir='ltr'><strong>lV.</strong></span> <span class='ocrx_word' id='word_1_236' title='bbox 967 2546 1072 2623; x_wconf 78' lang='lat' dir='ltr'><strong>(notu.</strong></span> <span class='ocrx_word' id='word_1_237' title='bbox 1086 2548 1152 2612; x_wconf 81' lang='lat' dir='ltr'><strong>bat.</strong></span> <span class='ocrx_word' id='word_1_238' title='bbox 1167 2548 1208 2612; x_wconf 89' lang='lat' dir='ltr'><strong>ll.</strong></span> <span class='ocrx_word' id='word_1_239' title='bbox 1221 2550 1334 2626; x_wconf 76' lang='lat' dir='ltr'><strong>ccxcv.)</strong></span> 
     </span>
     <span class='ocr_line' id='line_1_24' title="bbox 110 2650 1336 2738; baseline -0.005 -20"><span class='ocrx_word' id='word_1_240' title='bbox 110 2656 246 2738; x_wconf 79' lang='lat' dir='ltr'><strong>Superbe</strong></span> <span class='ocrx_word' id='word_1_241' title='bbox 260 2655 431 2730; x_wconf 73' lang='lat' dir='ltr'><strong>Noctuine,</strong></span> <span class='ocrx_word' id='word_1_242' title='bbox 455 2655 596 2730; x_wconf 80' lang='lat' dir='ltr'><strong>integrum</strong></span> <span class='ocrx_word' id='word_1_243' title='bbox 619 2650 723 2727; x_wconf 88' lang='lat' dir='ltr'><strong>habet,</strong></span> <span class='ocrx_word' id='word_1_244' title='bbox 746 2651 827 2711; x_wconf 85' lang='lat' dir='ltr'><strong>culus</strong></span> <span class='ocrx_word' id='word_1_245' title='bbox 850 2651 877 2712; x_wconf 92' lang='lat' dir='ltr'><strong>ln</strong></span> <span class='ocrx_word' id='word_1_246' title='bbox 899 2653 990 2731; x_wconf 89' lang='lat' dir='ltr'><strong>prima</strong></span> <span class='ocrx_word' id='word_1_247' title='bbox 1011 2654 1140 2714; x_wconf 87' lang='lat' dir='ltr'><strong>editione</strong></span> <span class='ocrx_word' id='word_1_248' title='bbox 1163 2654 1220 2714; x_wconf 96' lang='lat' dir='ltr'><strong>duo</strong></span> <span class='ocrx_word' id='word_1_249' title='bbox 1242 2657 1336 2715; x_wconf 81' lang='lat' dir='ltr'><strong>tantun</strong></span> 
     </span>
     <span class='ocr_line' id='line_1_25' title="bbox 110 2753 1334 2838; baseline -0.002 -18"><span class='ocrx_word' id='word_1_250' title='bbox 110 2779 214 2821; x_wconf 88' lang='lat' dir='ltr'><strong>versus</strong></span> <span class='ocrx_word' id='word_1_251' title='bbox 236 2761 350 2838; x_wconf 89' lang='lat' dir='ltr'><strong>priores</strong></span> <span class='ocrx_word' id='word_1_252' title='bbox 371 2761 468 2834; x_wconf 82' lang='lat' dir='ltr'><strong>erant3</strong></span> <span class='ocrx_word' id='word_1_253' title='bbox 500 2759 623 2838; x_wconf 85' lang='lat' dir='ltr'><strong>itemque</strong></span> <span class='ocrx_word' id='word_1_254' title='bbox 645 2772 757 2816; x_wconf 89' lang='lat' dir='ltr'><strong>carmen</strong></span> <span class='ocrx_word' id='word_1_255' title='bbox 780 2754 819 2815; x_wconf 90' lang='lat' dir='ltr'><strong>V.</strong></span> <span class='ocrx_word' id='word_1_256' title='bbox 850 2753 956 2829; x_wconf 83' lang='grc' dir='ltr'>(Αιιιιι.</span> <span class='ocrx_word' id='word_1_257' title='bbox 978 2756 1043 2818; x_wconf 82' lang='lat' dir='ltr'><strong>int.</strong></span> <span class='ocrx_word' id='word_1_258' title='bbox 1065 2755 1103 2819; x_wconf 88' lang='lat' dir='ltr'><strong>ll.</strong></span> <span class='ocrx_word' id='word_1_259' title='bbox 1128 2759 1266 2835; x_wconf 74' lang='lat' dir='ltr'><strong>ccxcvi.)</strong></span> <span class='ocrx_word' id='word_1_260' title='bbox 1288 2757 1334 2818; x_wconf 87' lang='lat' dir='ltr'><strong>lo·</strong></span> 
     </span>
     <span class='ocr_line' id='line_1_26' title="bbox 109 2859 1379 2946; baseline -0.002 -20"><span class='ocrx_word' id='word_1_261' title='bbox 109 2884 178 2926; x_wconf 86' lang='lat' dir='ltr'><strong>cere</strong></span> <span class='ocrx_word' id='word_1_262' title='bbox 198 2884 243 2925; x_wconf 89' lang='lat' dir='ltr'><strong>me</strong></span> <span class='ocrx_word' id='word_1_263' title='bbox 265 2862 346 2946; x_wconf 87' lang='lat' dir='ltr'><strong>quod</strong></span> <span class='ocrx_word' id='word_1_264' title='bbox 367 2861 436 2923; x_wconf 83' lang='lat' dir='ltr'><strong>nitu</strong></span> <span class='ocrx_word' id='word_1_265' title='bbox 458 2866 514 2923; x_wconf 90' lang='lat' dir='ltr'><strong>eto.</strong></span> <span class='ocrx_word' id='word_1_266' title='bbox 536 2861 697 2937; x_wconf 82' lang='lat' dir='ltr'><strong>integrum,</strong></span> <span class='ocrx_word' id='word_1_267' title='bbox 720 2859 797 2940; x_wconf 92' lang='lat' dir='ltr'><strong>quod</strong></span> <span class='ocrx_word' id='word_1_268' title='bbox 819 2861 907 2920; x_wconf 93' lang='lat' dir='ltr'><strong>totum</strong></span> <span class='ocrx_word' id='word_1_269' title='bbox 928 2861 1031 2921; x_wconf 89' lang='lat' dir='ltr'><strong>aberat</strong></span> <span class='ocrx_word' id='word_1_270' title='bbox 1052 2860 1089 2921; x_wconf 87' lang='lat' dir='ltr'><strong>ab</strong></span> <span class='ocrx_word' id='word_1_271' title='bbox 1108 2861 1236 2923; x_wconf 87' lang='lat' dir='ltr'><strong>editione</strong></span> <span class='ocrx_word' id='word_1_272' title='bbox 1249 2862 1334 2941; x_wconf 90' lang='lat' dir='ltr'><strong>prima.</strong></span> <span class='ocrx_word' id='word_1_273' title='bbox 1377 2912 1379 2923; x_wconf 92' lang='lat'><em>.</em></span> 
     </span>
     <span class='ocr_line' id='line_1_27' title="bbox 107 2961 1334 3046; baseline -0.003 -17"><span class='ocrx_word' id='word_1_274' title='bbox 107 2969 145 3029; x_wconf 83' lang='grc' dir='ltr'><strong>Ει</strong></span> <span class='ocrx_word' id='word_1_275' title='bbox 166 2969 275 3046; x_wconf 88' lang='lat' dir='ltr'><strong>partem</strong></span> <span class='ocrx_word' id='word_1_276' title='bbox 299 2964 411 3046; x_wconf 91' lang='lat' dir='ltr'><strong>quidem</strong></span> <span class='ocrx_word' id='word_1_277' title='bbox 433 2963 531 3025; x_wconf 85' lang='lat' dir='ltr'><strong>luorum</strong></span> <span class='ocrx_word' id='word_1_278' title='bbox 552 2966 606 3024; x_wconf 91' lang='lat' dir='ltr'><strong>iam</strong></span> <span class='ocrx_word' id='word_1_279' title='bbox 629 2961 790 3042; x_wconf 81' lang='lat' dir='ltr'><strong>suppletam</strong></span> <span class='ocrx_word' id='word_1_280' title='bbox 813 2964 904 3024; x_wconf 87' lang='lat' dir='ltr'><strong>luisse</strong></span> <span class='ocrx_word' id='word_1_281' title='bbox 926 2965 1011 3024; x_wconf 80' lang='lat' dir='ltr'><strong>cirea</strong></span> <span class='ocrx_word' id='word_1_282' title='bbox 1025 2981 1126 3024; x_wconf 90' lang='lat' dir='ltr'><strong>aunum</strong></span> <span class='ocrx_word' id='word_1_283' title='bbox 1144 2967 1238 3028; x_wconf 75' lang='lat' dir='ltr'><strong>tare.</strong></span> <span class='ocrx_word' id='word_1_284' title='bbox 1260 2964 1334 3026; x_wconf 82' lang='lat' dir='ltr'><strong>ride·</strong></span> 
     </span>
     <span class='ocr_line' id='line_1_28' title="bbox 108 3060 1379 3148; baseline -0.002 -16"><span class='ocrx_word' id='word_1_285' title='bbox 108 3070 211 3132; x_wconf 90' lang='lat' dir='ltr'><strong>bimus.</strong></span> <span class='ocrx_word' id='word_1_286' title='bbox 256 3069 366 3133; x_wconf 80' lang='lat' dir='ltr'><strong>Contra</strong></span> <span class='ocrx_word' id='word_1_287' title='bbox 387 3070 541 3129; x_wconf 91' lang='lat' dir='ltr'><strong>omiserunt</strong></span> <span class='ocrx_word' id='word_1_288' title='bbox 563 3067 711 3145; x_wconf 82' lang='lat' dir='ltr'><strong>Heyntus‚</strong></span> <span class='ocrx_word' id='word_1_289' title='bbox 737 3072 766 3128; x_wconf 89' lang='lat' dir='ltr'><strong>ct</strong></span> <span class='ocrx_word' id='word_1_290' title='bbox 789 3068 836 3148; x_wconf 93' lang='lat' dir='ltr'><strong>qoi</strong></span> <span class='ocrx_word' id='word_1_291' title='bbox 858 3067 981 3146; x_wconf 87' lang='lat' dir='ltr'><strong>proximi</strong></span> <span class='ocrx_word' id='word_1_292' title='bbox 1004 3073 1071 3129; x_wconf 89' lang='lat' dir='ltr'><strong>aute</strong></span> <span class='ocrx_word' id='word_1_293' title='bbox 1094 3068 1258 3148; x_wconf 64' lang='grc' dir='ltr'>Ηιγιιιιιιιι,</span> <span class='ocrx_word' id='word_1_294' title='bbox 1278 3085 1333 3130; x_wconf 84' lang='lat' dir='ltr'><strong>oar·</strong></span> <span class='ocrx_word' id='word_1_295' title='bbox 1376 3060 1379 3077; x_wconf 87' lang='lat'>&#39;</span> 
     </span>
    </p>

    <p class='ocr_par' dir='ltr' id='par_1_5' title="bbox 66 3154 1379 4615">
     <span class='ocr_line' id='line_1_29' title="bbox 66 3154 1332 3252; baseline -0.004 -16"><span class='ocrx_word' id='word_1_296' title='bbox 66 3180 74 3203; x_wconf 83' lang='lat'><em>‘</em></span> <span class='ocrx_word' id='word_1_297' title='bbox 107 3178 181 3236; x_wconf 86' lang='lat' dir='ltr'><strong>mina</strong></span> <span class='ocrx_word' id='word_1_298' title='bbox 203 3174 238 3236; x_wconf 91' lang='lat' dir='ltr'><strong>ad</strong></span> <span class='ocrx_word' id='word_1_299' title='bbox 261 3174 392 3252; x_wconf 85' lang='lat' dir='ltr'><strong>Priapum</strong></span> <span class='ocrx_word' id='word_1_300' title='bbox 415 3172 576 3250; x_wconf 84' lang='lat' dir='ltr'><strong>spectantia</strong></span> <span class='ocrx_word' id='word_1_301' title='bbox 597 3172 667 3238; x_wconf 81' lang='lat' dir='ltr'><strong>tela.</strong></span> <span class='ocrx_word' id='word_1_302' title='bbox 690 3189 708 3231; x_wconf 90' lang='lat' dir='ltr'><strong>a</strong></span> <span class='ocrx_word' id='word_1_303' title='bbox 730 3154 889 3233; x_wconf 87' lang='lat' dir='ltr'><strong>Burmanno</strong></span> <span class='ocrx_word' id='word_1_304' title='bbox 911 3171 940 3230; x_wconf 94' lang='lat' dir='ltr'><strong>in</strong></span> <span class='ocrx_word' id='word_1_305' title='bbox 962 3171 1146 3249; x_wconf 78' lang='lat' dir='ltr'><strong>Antbologla</strong></span> <span class='ocrx_word' id='word_1_306' title='bbox 1169 3172 1332 3247; x_wconf 76' lang='lat' dir='ltr'><strong>battualia,</strong></span> 
     </span>
     <span class='ocr_line' id='line_1_30' title="bbox 109 3259 1334 3363; baseline -0.002 -21"><span class='ocrx_word' id='word_1_307' title='bbox 109 3259 182 3363; x_wconf 86' lang='lat' dir='ltr'><strong>quae</strong></span> <span class='ocrx_word' id='word_1_308' title='bbox 210 3277 328 3360; x_wconf 87' lang='lat' dir='ltr'><strong>proprie</strong></span> <span class='ocrx_word' id='word_1_309' title='bbox 362 3276 495 3354; x_wconf 85' lang='lat' dir='ltr'><strong>Priapeia</strong></span> <span class='ocrx_word' id='word_1_310' title='bbox 526 3267 623 3335; x_wconf 85' lang='lat' dir='ltr'><strong>dicere</strong></span> <span class='ocrx_word' id='word_1_311' title='bbox 654 3277 874 3351; x_wconf 86' lang='lat' dir='ltr'><strong>consuevimus,</strong></span> <span class='ocrx_word' id='word_1_312' title='bbox 904 3273 1054 3349; x_wconf 88' lang='lat' dir='ltr'><strong>subiecta,</strong></span> <span class='ocrx_word' id='word_1_313' title='bbox 1089 3297 1223 3338; x_wconf 75' lang='lat' dir='ltr'><strong>cxxxiv.</strong></span> <span class='ocrx_word' id='word_1_314' title='bbox 1270 3275 1334 3361; x_wconf 77' lang='lat' dir='ltr'><strong>Vere</strong></span> 
     </span>
     <span class='ocr_line' id='line_1_31' title="bbox 107 3374 1332 3462; baseline -0.002 -15"><span class='ocrx_word' id='word_1_315' title='bbox 107 3405 191 3448; x_wconf 74' lang='lat' dir='ltr'><strong>roon-</strong></span> <span class='ocrx_word' id='word_1_316' title='bbox 241 3403 362 3443; x_wconf 80' lang='lat' dir='ltr'><strong>cxxxv.</strong></span> <span class='ocrx_word' id='word_1_317' title='bbox 384 3381 454 3461; x_wconf 81' lang='lat' dir='ltr'><strong>Epu</strong></span> <span class='ocrx_word' id='word_1_318' title='bbox 482 3380 574 3455; x_wconf 85' lang='lat' dir='ltr'><strong>duee,</strong></span> <span class='ocrx_word' id='word_1_319' title='bbox 597 3399 652 3459; x_wconf 79' lang='lat' dir='ltr'><strong>epo</strong></span> <span class='ocrx_word' id='word_1_320' title='bbox 675 3374 993 3442; x_wconf 60' lang='lat' dir='ltr'><strong>aeterternam.</strong></span> <span class='ocrx_word' id='word_1_321' title='bbox 1016 3382 1108 3450; x_wconf 82' lang='lat' dir='ltr'><strong>Hune</strong></span> <span class='ocrx_word' id='word_1_322' title='bbox 1135 3400 1192 3462; x_wconf 69' lang='lat' dir='ltr'><strong>epo</strong></span> <span class='ocrx_word' id='word_1_323' title='bbox 1220 3384 1332 3445; x_wconf 75' lang='lat' dir='ltr'><strong>iucem</strong></span> 
     </span>
     <span class='ocr_line' id='line_1_32' title="bbox 108 3474 1330 3570; baseline -0.002 -20"><span class='ocrx_word' id='word_1_324' title='bbox 108 3491 203 3552; x_wconf 88' lang='lat' dir='ltr'><strong>locum</strong></span> <span class='ocrx_word' id='word_1_325' title='bbox 225 3491 282 3551; x_wconf 83' lang='lat' dir='ltr'><strong>eu.</strong></span> <span class='ocrx_word' id='word_1_326' title='bbox 334 3484 413 3570; x_wconf 76' lang='lat' dir='ltr'><strong>Quae</strong></span> <span class='ocrx_word' id='word_1_327' title='bbox 440 3483 607 3560; x_wconf 86' lang='lat' dir='ltr'><strong>mei‘libri,</strong></span> <span class='ocrx_word' id='word_1_328' title='bbox 641 3485 688 3565; x_wconf 94' lang='lat' dir='ltr'><strong>qul</strong></span> <span class='ocrx_word' id='word_1_329' title='bbox 718 3483 829 3564; x_wconf 90' lang='lat' dir='ltr'><strong>quidem</strong></span> <span class='ocrx_word' id='word_1_330' title='bbox 863 3481 1020 3548; x_wconf 75' lang='lat' dir='ltr'><strong>camiseis,</strong></span> <span class='ocrx_word' id='word_1_331' title='bbox 1043 3487 1205 3561; x_wconf 85' lang='lat' dir='ltr'><strong>continent,</strong></span> <span class='ocrx_word' id='word_1_332' title='bbox 1234 3474 1330 3557; x_wconf 76' lang='lat' dir='ltr'><strong>cuncti,</strong></span> 
     </span>
     <span class='ocr_line' id='line_1_33' title="bbox 108 3582 1329 3663; baseline -0.004 -10"><span class='ocrx_word' id='word_1_333' title='bbox 108 3593 271 3653; x_wconf 86' lang='lat' dir='ltr'><strong>Vossianus</strong></span> <span class='ocrx_word' id='word_1_334' title='bbox 292 3590 317 3652; x_wconf 88' lang='grc' dir='ltr'><strong>Ι.</strong></span> <span class='ocrx_word' id='word_1_335' title='bbox 356 3588 485 3651; x_wconf 85' lang='lat' dir='ltr'><strong>Romanu</strong></span> <span class='ocrx_word' id='word_1_336' title='bbox 506 3582 545 3648; x_wconf 90' lang='grc' dir='ltr'><strong>ΙΙ.</strong></span> <span class='ocrx_word' id='word_1_337' title='bbox 569 3586 685 3648; x_wconf 83' lang='grc' dir='ltr'>ιιιιιιι</span> <span class='ocrx_word' id='word_1_338' title='bbox 709 3586 902 3663; x_wconf 87' lang='lat' dir='ltr'><strong>Basileensls,</strong></span> <span class='ocrx_word' id='word_1_339' title='bbox 928 3586 1091 3649; x_wconf 86' lang='lat' dir='ltr'><strong>Vossianus</strong></span> <span class='ocrx_word' id='word_1_340' title='bbox 1112 3588 1152 3650; x_wconf 84' lang='grc' dir='ltr'><strong>ΙΙ.</strong></span> <span class='ocrx_word' id='word_1_341' title='bbox 1198 3585 1329 3651; x_wconf 76' lang='lat' dir='ltr'><strong>Vratiilr-</strong></span> 
     </span>
     <span class='ocr_line' id='line_1_34' title="bbox 109 3689 1328 3769; baseline -0.004 -13"><span class='ocrx_word' id='word_1_342' title='bbox 109 3697 219 3757; x_wconf 83' lang='lat' dir='ltr'><strong>virosis</strong></span> <span class='ocrx_word' id='word_1_343' title='bbox 240 3694 279 3756; x_wconf 86' lang='grc' dir='ltr'><strong>ΙΙ.</strong></span> <span class='ocrx_word' id='word_1_344' title='bbox 323 3692 456 3755; x_wconf 80' lang='lat' dir='ltr'><strong>Venetae</strong></span> <span class='ocrx_word' id='word_1_345' title='bbox 478 3692 571 3754; x_wconf 83' lang='lat' dir='ltr'><strong>Rubri</strong></span> <span class='ocrx_word' id='word_1_346' title='bbox 595 3697 625 3754; x_wconf 93' lang='lat' dir='ltr'><strong>et</strong></span> <span class='ocrx_word' id='word_1_347' title='bbox 645 3690 778 3767; x_wconf 87' lang='lat' dir='ltr'><strong>lensont‚</strong></span> <span class='ocrx_word' id='word_1_348' title='bbox 799 3689 971 3769; x_wconf 78' lang='lat' dir='ltr'><strong>vicentina,</strong></span> <span class='ocrx_word' id='word_1_349' title='bbox 1001 3690 1114 3754; x_wconf 87' lang='lat' dir='ltr'><strong>Veneta</strong></span> <span class='ocrx_word' id='word_1_350' title='bbox 1138 3695 1232 3756; x_wconf 76' lang='lat'>1482.</span> <span class='ocrx_word' id='word_1_351' title='bbox 1253 3690 1328 3757; x_wconf 79' lang='lat' dir='ltr'><strong>atne.</strong></span> 
     </span>
     <span class='ocr_line' id='line_1_35' title="bbox 109 3791 1329 3876; baseline -0.007 -14"><span class='ocrx_word' id='word_1_352' title='bbox 109 3805 139 3862; x_wconf 92' lang='lat' dir='ltr'><strong>in</strong></span> <span class='ocrx_word' id='word_1_353' title='bbox 161 3797 319 3862; x_wconf 80' lang='lat' dir='ltr'><strong>Catalectis</strong></span> <span class='ocrx_word' id='word_1_354' title='bbox 340 3801 449 3876; x_wconf 92' lang='lat' dir='ltr'><strong>ponunt</strong></span> <span class='ocrx_word' id='word_1_355' title='bbox 476 3794 610 3873; x_wconf 82' lang='lat' dir='ltr'><strong>Virgilii,</strong></span> <span class='ocrx_word' id='word_1_356' title='bbox 640 3800 670 3856; x_wconf 92' lang='lat' dir='ltr'><strong>et</strong></span> <span class='ocrx_word' id='word_1_357' title='bbox 699 3795 808 3876; x_wconf 92' lang='lat' dir='ltr'><strong>quldem</strong></span> <span class='ocrx_word' id='word_1_358' title='bbox 836 3795 928 3874; x_wconf 90' lang='lat' dir='ltr'><strong>primo</strong></span> <span class='ocrx_word' id='word_1_359' title='bbox 957 3796 985 3856; x_wconf 92' lang='lat' dir='ltr'><strong>in</strong></span> <span class='ocrx_word' id='word_1_360' title='bbox 1009 3792 1167 3859; x_wconf 76' lang='lat' dir='ltr'><strong>catalectls</strong></span> <span class='ocrx_word' id='word_1_361' title='bbox 1189 3797 1263 3859; x_wconf 62' lang='lat' dir='ltr'><strong>loco:</strong></span> <span class='ocrx_word' id='word_1_362' title='bbox 1299 3791 1329 3853; x_wconf 85' lang='lat' dir='ltr'><strong>lit</strong></span> 
     </span>
     <span class='ocr_line' id='line_1_36' title="bbox 109 3894 1329 3981; baseline -0.007 -17"><span class='ocrx_word' id='word_1_363' title='bbox 109 3905 152 3964; x_wconf 89' lang='lat' dir='ltr'><strong>sic</strong></span> <span class='ocrx_word' id='word_1_364' title='bbox 174 3902 307 3964; x_wconf 87' lang='lat' dir='ltr'><strong>Aldinae.</strong></span> <span class='ocrx_word' id='word_1_365' title='bbox 351 3902 389 3962; x_wconf 78' lang='lat' dir='ltr'><strong>nt</strong></span> <span class='ocrx_word' id='word_1_366' title='bbox 417 3902 472 3961; x_wconf 89' lang='lat' dir='ltr'><strong>boc</strong></span> <span class='ocrx_word' id='word_1_367' title='bbox 502 3901 612 3981; x_wconf 89' lang='lat' dir='ltr'><strong>quidem</strong></span> <span class='ocrx_word' id='word_1_368' title='bbox 639 3900 764 3961; x_wconf 85' lang='lat' dir='ltr'><strong>tortasse</strong></span> <span class='ocrx_word' id='word_1_369' title='bbox 793 3900 860 3960; x_wconf 89' lang='lat' dir='ltr'><strong>torri</strong></span> <span class='ocrx_word' id='word_1_370' title='bbox 890 3901 1001 3979; x_wconf 82' lang='lat' dir='ltr'><strong>possit,</strong></span> <span class='ocrx_word' id='word_1_371' title='bbox 1034 3900 1060 3960; x_wconf 89' lang='lat' dir='ltr'><strong>si</strong></span> <span class='ocrx_word' id='word_1_372' title='bbox 1088 3901 1155 3981; x_wconf 88' lang='lat' dir='ltr'><strong>quis</strong></span> <span class='ocrx_word' id='word_1_373' title='bbox 1183 3894 1329 3979; x_wconf 78' lang='lat' dir='ltr'><strong>separanda</strong></span> 
     </span>
     <span class='ocr_line' id='line_1_37' title="bbox 109 3998 1327 4089; baseline -0.005 -22"><span class='ocrx_word' id='word_1_374' title='bbox 109 4008 228 4089; x_wconf 91' lang='lat' dir='ltr'><strong>quodam</strong></span> <span class='ocrx_word' id='word_1_375' title='bbox 249 4003 332 4065; x_wconf 90' lang='lat' dir='ltr'><strong>modo</strong></span> <span class='ocrx_word' id='word_1_376' title='bbox 363 4002 437 4064; x_wconf 87' lang='lat' dir='ltr'><strong>haec</strong></span> <span class='ocrx_word' id='word_1_377' title='bbox 464 4004 518 4066; x_wconf 91' lang='lat' dir='ltr'><strong>trla</strong></span> <span class='ocrx_word' id='word_1_378' title='bbox 547 4004 668 4064; x_wconf 87' lang='lat' dir='ltr'><strong>carmina</strong></span> <span class='ocrx_word' id='word_1_379' title='bbox 688 4022 706 4064; x_wconf 87' lang='lat' dir='ltr'><strong>a</strong></span> <span class='ocrx_word' id='word_1_380' title='bbox 727 4002 847 4085; x_wconf 91' lang='lat' dir='ltr'><strong>reliquis</strong></span> <span class='ocrx_word' id='word_1_381' title='bbox 871 4000 1080 4067; x_wconf 79' lang='lat' dir='ltr'><strong>Gamlectomm</strong></span> <span class='ocrx_word' id='word_1_382' title='bbox 1103 4002 1273 4065; x_wconf 82' lang='lat' dir='ltr'><strong>conninibur</strong></span> <span class='ocrx_word' id='word_1_383' title='bbox 1291 3998 1327 4061; x_wconf 83' lang='lat' dir='ltr'><strong>u-</strong></span> 
     </span>
     <span class='ocr_line' id='line_1_38' title="bbox 108 4080 1379 4221; baseline -0.005 -50"><span class='ocrx_word' id='word_1_384' title='bbox 108 4111 202 4186; x_wconf 87' lang='lat' dir='ltr'><strong>xerit,</strong></span> <span class='ocrx_word' id='word_1_385' title='bbox 233 4112 264 4170; x_wconf 94' lang='lat' dir='ltr'><strong>ut</strong></span> <span class='ocrx_word' id='word_1_386' title='bbox 291 4125 363 4187; x_wconf 92' lang='lat' dir='ltr'><strong>quac</strong></span> <span class='ocrx_word' id='word_1_387' title='bbox 392 4123 535 4169; x_wconf 88' lang='lat' dir='ltr'><strong>commune</strong></span> <span class='ocrx_word' id='word_1_388' title='bbox 564 4112 756 4186; x_wconf 74' lang='lat' dir='ltr'><strong>argumentum</strong></span> <span class='ocrx_word' id='word_1_389' title='bbox 788 4106 929 4183; x_wconf 86' lang='lat' dir='ltr'><strong>habeant,</strong></span> <span class='ocrx_word' id='word_1_390' title='bbox 963 4107 1045 4169; x_wconf 85' lang='lat' dir='ltr'><strong>culus</strong></span> <span class='ocrx_word' id='word_1_391' title='bbox 1077 4105 1155 4168; x_wconf 91' lang='lat' dir='ltr'><strong>nulla</strong></span> <span class='ocrx_word' id='word_1_392' title='bbox 1182 4104 1328 4169; x_wconf 81' lang='lat' dir='ltr'><strong>deindelt</strong></span> <span class='ocrx_word' id='word_1_393' title='bbox 1376 4080 1379 4221; x_wconf 66' lang='grc'>1</span> 
     </span>
     <span class='ocr_line' id='line_1_39' title="bbox 109 4204 1379 4343; baseline -0.004 -67"><span class='ocrx_word' id='word_1_394' title='bbox 109 4210 390 4277; x_wconf 80' lang='lat' dir='ltr'><strong>Catalectismentlo</strong></span> <span class='ocrx_word' id='word_1_395' title='bbox 418 4212 553 4286; x_wconf 85' lang='lat' dir='ltr'><strong>recmrit,</strong></span> <span class='ocrx_word' id='word_1_396' title='bbox 583 4211 725 4290; x_wconf 88' lang='lat' dir='ltr'><strong>Priapum.</strong></span> <span class='ocrx_word' id='word_1_397' title='bbox 758 4211 873 4273; x_wconf 73' lang='lat' dir='ltr'><strong>diorum</strong></span> <span class='ocrx_word' id='word_1_398' title='bbox 894 4213 999 4288; x_wconf 80' lang='lat' dir='ltr'><strong>gravio</strong></span> <span class='ocrx_word' id='word_1_399' title='bbox 1020 4228 1101 4272; x_wconf 89' lang='lat' dir='ltr'><strong>error</strong></span> <span class='ocrx_word' id='word_1_400' title='bbox 1122 4213 1188 4290; x_wconf 88' lang='lat' dir='ltr'><strong>est,</strong></span> <span class='ocrx_word' id='word_1_401' title='bbox 1204 4211 1263 4294; x_wconf 83' lang='lat' dir='ltr'><strong>qul</strong></span> <span class='ocrx_word' id='word_1_402' title='bbox 1290 4204 1329 4271; x_wconf 75' lang='lat' dir='ltr'><strong>lle</strong></span> <span class='ocrx_word' id='word_1_403' title='bbox 1375 4224 1379 4343; x_wconf 71' lang='lat' dir='ltr'><strong>q</strong></span> 
     </span>
     <span class='ocr_line' id='line_1_40' title="bbox 108 4313 1328 4400; baseline -0.001 -21"><span class='ocrx_word' id='word_1_404' title='bbox 108 4320 144 4379; x_wconf 91' lang='lat' dir='ltr'><strong>de</strong></span> <span class='ocrx_word' id='word_1_405' title='bbox 166 4314 337 4378; x_wconf 85' lang='lat' dir='ltr'><strong>carminibus</strong></span> <span class='ocrx_word' id='word_1_406' title='bbox 359 4313 432 4391; x_wconf 90' lang='lat' dir='ltr'><strong>duo,</strong></span> <span class='ocrx_word' id='word_1_407' title='bbox 467 4313 558 4377; x_wconf 74' lang='lat' dir='ltr'><strong>Hunc</strong></span> <span class='ocrx_word' id='word_1_408' title='bbox 579 4334 634 4396; x_wconf 78' lang='lat' dir='ltr'><strong>epo</strong></span> <span class='ocrx_word' id='word_1_409' title='bbox 655 4319 781 4378; x_wconf 82' lang='lat' dir='ltr'><strong>iuuenca</strong></span> <span class='ocrx_word' id='word_1_410' title='bbox 804 4316 915 4388; x_wconf 87' lang='lat' dir='ltr'><strong>iocum,</strong></span> <span class='ocrx_word' id='word_1_411' title='bbox 937 4315 1137 4400; x_wconf 81' lang='lat' dir='ltr'><strong>ciliciamque</strong></span> <span class='ocrx_word' id='word_1_412' title='bbox 1155 4317 1328 4400; x_wconf 65' lang='lat' dir='ltr'><strong>peterten,</strong></span> 
     </span>
     <span class='ocr_line' id='line_1_41' title="bbox 107 4413 1379 4503; baseline -0.001 -19"><span class='ocrx_word' id='word_1_413' title='bbox 107 4426 137 4484; x_wconf 93' lang='lat' dir='ltr'><strong>et</strong></span> <span class='ocrx_word' id='word_1_414' title='bbox 160 4422 226 4502; x_wconf 79' lang='lat' dir='ltr'><strong>tipo</strong></span> <span class='ocrx_word' id='word_1_415' title='bbox 247 4421 341 4494; x_wconf 85' lang='lat' dir='ltr'><strong>boec,</strong></span> <span class='ocrx_word' id='word_1_416' title='bbox 364 4437 419 4498; x_wconf 81' lang='lat' dir='ltr'><strong>epo</strong></span> <span class='ocrx_word' id='word_1_417' title='bbox 442 4426 510 4479; x_wconf 85' lang='lat' dir='ltr'><strong>crte</strong></span> <span class='ocrx_word' id='word_1_418' title='bbox 529 4413 690 4503; x_wconf 82' lang='lat' dir='ltr'><strong>fabricatu</strong></span> <span class='ocrx_word' id='word_1_419' title='bbox 711 4423 850 4497; x_wconf 81' lang='lat' dir='ltr'><strong>raetica,</strong></span> <span class='ocrx_word' id='word_1_420' title='bbox 875 4416 988 4483; x_wconf 78' lang='lat' dir='ltr'><strong>Catullo</strong></span> <span class='ocrx_word' id='word_1_421' title='bbox 1018 4434 1154 4481; x_wconf 89' lang='lat' dir='ltr'><strong>asserere</strong></span> <span class='ocrx_word' id='word_1_422' title='bbox 1176 4418 1332 4494; x_wconf 81' lang='lat' dir='ltr'><strong>volucrunt,</strong></span> <span class='ocrx_word' id='word_1_423' title='bbox 1377 4432 1379 4443; x_wconf 90' lang='lat'>&#39;</span> 
     </span>
     <span class='ocr_line' id='line_1_42' title="bbox 106 4521 1379 4615; baseline 0.004 -27"><span class='ocrx_word' id='word_1_424' title='bbox 106 4531 191 4608; x_wconf 86' lang='lat' dir='ltr'><strong>atque</strong></span> <span class='ocrx_word' id='word_1_425' title='bbox 217 4523 290 4587; x_wconf 86' lang='lat' dir='ltr'><strong>adeo</strong></span> <span class='ocrx_word' id='word_1_426' title='bbox 319 4523 451 4605; x_wconf 84' lang='lat' dir='ltr'><strong>recipere</strong></span> <span class='ocrx_word' id='word_1_427' title='bbox 477 4522 552 4585; x_wconf 91' lang='lat' dir='ltr'><strong>luter</strong></span> <span class='ocrx_word' id='word_1_428' title='bbox 573 4521 691 4587; x_wconf 59' lang='lat' dir='ltr'><strong>(iatulllv</strong></span> <span class='ocrx_word' id='word_1_429' title='bbox 707 4524 831 4589; x_wconf 79' lang='lat' dir='ltr'><strong>cmruina</strong></span> <span class='ocrx_word' id='word_1_430' title='bbox 856 4523 921 4588; x_wconf 82' lang='lat' dir='ltr'><strong>anal</strong></span> <span class='ocrx_word' id='word_1_431' title='bbox 942 4527 1026 4608; x_wconf 81' lang='lat' dir='ltr'><strong>eunt,</strong></span> <span class='ocrx_word' id='word_1_432' title='bbox 1048 4522 1265 4615; x_wconf 65' lang='lat' dir='ltr'><strong>prectrnutlbu</strong></span> <span class='ocrx_word' id='word_1_433' title='bbox 1283 4521 1332 4587; x_wconf 83' lang='lat' dir='ltr'><strong>Vl·</strong></span> <span class='ocrx_word' id='word_1_434' title='bbox 1377 4570 1379 4593; x_wconf 84' lang='grc'>.</span> 
     </span>
    </p>
   </div>
   <div class='ocr_carea' id='block_1_3' title="bbox 0 0 1478 4986">
    <p class='ocr_par' dir='ltr' id='par_1_6' title="bbox 0 0 1478 4986">
     <span class='ocr_line' id='line_1_43' title="bbox 0 0 1478 4986; baseline 0 1"><span class='ocrx_word' id='word_1_435' title='bbox 0 0 1478 4986; x_wconf 95' lang='lat' dir='ltr'><strong> </strong></span> 
     </span>
    </p>
   </div>
  </div>
 </body>
</html>
