2948 4986
196 195 276 275 242
644 187 920 254 bissenorum
948 190 974 253 l·
1029 238 1033 246 .

200 383 273 446 quae
294 363 349 425 alla
371 364 399 423 in
422 381 462 425 ea
489 362 659 425 collectione
675 365 808 442 -ioerint,
837 367 945 426 mature
972 365 1152 427 coniunctas.
1166 365 1263 427 luisse
1292 365 1434 428 coniicio:

200 471 325 546 mature,
353 466 409 528 boc
438 471 485 530 cst
510 465 595 528 multo
624 468 705 546 prius
733 486 815 549 quam
844 466 962 546 Virgilii
990 468 1138 531 luvenalis
1166 469 1239 531 Ludi
1262 468 1381 532 libellus
1401 491 1434 533 eo

201 572 321 646 ambitu,
351 590 441 653 eaque
463 572 622 647 argumenti
645 571 786 631 varietate
807 573 939 651 exstitit,
962 591 1034 654 quoe
1056 591 1131 634 nunc
1152 573 1181 633 ln
1205 573 1289 634 libris
1312 577 1432 655 nostris,

200 676 326 755 receptis
347 676 454 752 Rusio,
485 676 538 736 Dst
561 679 590 736 et
612 673 693 749 Nou,
724 678 754 734 et
784 674 856 736 Viro
883 675 974 754 hono,
1002 679 1137 738 cernitur.
1183 677 1312 739 Proinde
1345 696 1432 760 nequo

199 778 255 840 boc
283 777 470 860 quaerendum
502 779 614 838 videtur
644 777 804 852 curiosius,
838 778 1010 858 qui‘lactum
1032 781 1088 857 sit,
1118 786 1148 841 ut
1170 780 1301 861 Virgilio
1325 783 1430 843 adscri-

199 884 335 944 berentur
356 882 460 960 Dirae,
483 901 555 962 quac
578 886 669 943 tamen
689 878 808 943 Catonis
830 885 939 941 esseni.
985 880 1105 944 Scilicet
1129 883 1183 945 hoc
1205 885 1318 945 vicinio
1339 886 1431 947 effecit

199 986 294 1062 magni
325 987 459 1046 nominis·
487 987 597 1062 linge
624 986 695 1045 enim
726 983 829 1059 semel,
865 985 893 1043 in
923 1003 979 1044 uno
1007 986 1122 1059 codice,
1151 988 1285 1048 omissum
1317 985 1429 1050 Catonis

199 1107 297 1150 nomen
320 1090 428 1150 fuisse:
452 1090 499 1171 qui
521 1091 667 1168 proximus
684 1088 841 1148 accedebat
854 1086 1005 1163 librarius,
1025 1090 1144 1165 ignarus
1159 1091 1301 1169 Catonis,
1315 1091 1428 1172 supple-

200 1197 279 1253 turus
303 1196 364 1254 erat
386 1211 505 1268 nomen,
539 1211 593 1252 non
616 1189 751 1260 Catonia,
777 1191 827 1251 sed
851 1193 947 1267 magni
970 1196 1093 1270 poetae,
1125 1194 1160 1254 ad
1183 1213 1266 1275 quem
1288 1197 1428 1273 proxiou,

198 1299 228 1357 nt
251 1293 395 1372 Culicem,
418 1296 518 1357 reterri
542 1294 671 1370 videret,
695 1292 826 1370 Virgilii.
870 1293 1083 1356 ldemaccidit
1105 1296 1133 1357 in
1164 1297 1270 1376 Cepo,
1301 1299 1426 1374 Murato,

198 1404 228 1462 et
249 1419 323 1482 quae
346 1399 456 1480 reliqua
478 1397 562 1459 huius
585 1396 775 1459 collectionis.
821 1397 925 1458 Verum
952 1399 1048 1460 Dirae
1064 1406 1094 1461 ut
1117 1401 1311 1463 tribuerentur
1335 1401 1425 1478 Virgi-

198 1502 254 1581 lio,
278 1504 362 1564 etiam
385 1502 440 1562 alia
460 1520 510 1562 res
533 1501 649 1561 el'ficere
670 1501 777 1580 potuit,
802 1502 877 1562 scite
901 1503 1058 1564 observato
1077 1503 1250 1582 Scaligero,
1273 1507 1321 1586 qui
1345 1511 1425 1566 tumen

198 1625 259 1667 eam
281 1624 335 1666 non
359 1610 478 1667 unicum
499 1605 597 1664 dicere
618 1624 764 1666 causeum
786 1604 942 1666 debuerat:
976 1606 1099 1670 Catonis
1123 1610 1261 1685 latorum,
1293 1615 1324 1671 el
1345 1628 1423 1686 argu-

198 1711 283 1770 menti
305 1710 453 1787 Dicerem,
483 1728 543 1770 cum
571 1709 638 1769 latis
668 1705 805 1786 Virgilii,
835 1712 865 1770 et
893 1728 952 1769 cum
976 1716 1145 1786 argumento
1170 1711 1346 1790 Delegarum
1368 1715 1423 1777 Vir·

199 1812 260 1895 gilii
283 1812 391 1891 primae
413 1816 443 1874 et
464 1830 556 1873 nonae
579 1812 743 1872 similitudo.
793 1809 973 1894 Quamquam
987 1814 1119 1874 dubitare
1141 1814 1227 1891 lieet,
1242 1821 1347 1903 ‘utrum
1372 1816 1424 1877 lde

200 1935 320 1978 caussae
352 1915 417 1995 plus
451 1917 490 1977 sit
522 1914 715 1990 tribuendum,
743 1932 779 1974 an
809 1914 849 1974 illl
872 1935 890 1976 a
911 1934 955 1976 me
978 1917 1157 1995 propositae.
1204 1919 1239 1980 Sl
1263 1921 1336 1980 enim
1361 1921 1422 1982 Diria
1464 1948 1466 1959 =

200 2025 255 2084 tum
278 2021 383 2082 demum
405 2018 521 2101 Virgilii
544 2019 736 2098 praepositum
759 2037 857 2079 nomen
888 2026 951 2087 est,
984 2039 1065 2101 quum
1089 2023 1141 2080 iam
1163 2028 1302 2102 receptae
1323 2025 1351 2086 in
1373 2023 1421 2086 cel-

198 2125 345 2187 lectionem
369 2127 486 2199 essent,
509 2122 617 2183 sufficit
632 2140 693 2182 mea
710 2123 804 2194 ratio,
828 2120 920 2204 nequo
940 2142 1014 2201 opus
1038 2131 1084 2187 est
1108 2125 1156 2186 illa
1179 2126 1328 2204 Scaligeri
1351 2147 1422 2189 caus·
1464 2166 1466 2187 .

199 2247 249 2304 sa,
280 2228 335 2290 etsi
365 2245 426 2288 cam
459 2230 515 2287 tum
545 2243 658 2307 quoque
691 2226 719 2285 in
751 2226 908 2287 subsidium
938 2227 1075 2288 udbibere
1098 2229 1207 2291 licebit.
1255 2232 1318 2294 Sco
1341 2235 1422 2312 potest

200 2333 283 2394 etiam
306 2332 447 2398 contrario
470 2330 551 2389 modo
571 2348 623 2397 ,res
652 2334 717 2391 acta
751 2349 840 2406 esse,
871 2333 901 2390 ut
935 2330 1021 2391 Dirae
1048 2332 1165 2410 primum
1192 2351 1229 2394 eu
1257 2333 1295 2394 de
1317 2351 1421 2407 canem,

201 2455 281 2518 quam
304 2434 439 2512 Scaliger
461 2436 545 2509 dicit,
567 2433 722 2494 attributae
744 2433 889 2513 Virgilio,
912 2436 944 2495 et
964 2440 1067 2513 postea
1089 2436 1196 2497 demum
1215 2440 1338 2516 propter
1358 2455 1422 2498 ean·

203 2540 264 2601 dem
287 2557 439 2615 caussam,
473 2539 547 2620 quod
571 2556 623 2616 pro
652 2542 782 2616 poemate
809 2537 982 2598 haberentur
1012 2538 1147 2615 Virgilii,
1180 2540 1210 2599 in
1240 2540 1420 2603 collectionem

202 2642 399 2722 opusculorum
423 2641 645 2720 Virgilianorum
668 2640 763 2701 illatae
785 2643 854 2702 sint.
899 2640 970 2701 illud
989 2658 1108 2719 prorsus
1127 2644 1335 2722 improbabile,
1361 2641 1420 2725 quud

203 2747 326 2807 Heinsio
348 2748 375 2807 ln
398 2749 516 2806 urentem
541 2746 640 2811 uenit:
670 2765 688 2806 e
716 2748 896 2825 eoquatiooe
921 2748 1066 2807 nominum
1094 2744 1215 2809 Catonis
1248 2758 1279 2810 et
1310 2745 1420 2809 Maronis

202 2850 324 2912 uidetur
344 2860 537 2930 propuputus
560 2868 654 2910 error.
700 2886 702 2890 ·

268 2951 403 3013 Veterem
426 2970 548 3013 errorem
572 2971 639 3012 esse
663 2957 768 3013 certum
789 2957 847 3012 est.
891 2950 963 3013 Nam
985 2969 1058 3032 quae
1080 2952 1135 3013 alia
1151 2953 1178 3013 in
1197 2952 1348 3016 luvenalis
1363 2950 1419 3015 indi

200 3055 304 3117 libello
328 3058 383 3116 nun'
405 3053 567 3132 virgiliana
596 3055 749 3132 leguntur,
783 3075 896 3131 eorum,
926 3057 951 3116 si
982 3073 1036 3116 non
1066 3055 1163 3135 pluro,
1186 3062 1267 3119 certe
1291 3076 1381 3132 noun,
1398 3057 1420 3114 ut

203 3161 344 3237 uidimus,
368 3160 424 3220 Dst
445 3160 476 3218 et
496 3157 578 3232 Non,
608 3158 636 3217 iu
659 3175 713 3218 uuo
736 3157 867 3220 alterove
891 3160 964 3220 buno
988 3160 1087 3220 codice
1108 3159 1158 3220 alii
1181 3163 1314 3239 auctori,
1344 3157 1419 3223 etcri

205 3264 299 3342 magis
328 3263 546 3324 consentancum
576 3267 621 3321 est
646 3261 751 3339 tribui,
782 3262 925 3323 tribuitur.
969 3264 1071 3325 Dirae
1102 3264 1148 3344 qui
1177 3283 1230 3325 suu
1253 3267 1361 3327 auctori
1379 3263 1419 3325 tri

205 3368 296 3444 buat,
325 3385 416 3449 neque
450 3364 584 3426 inventus
618 3366 665 3425 est
698 3364 807 3437 codex,
838 3383 931 3446 neque
961 3368 1106 3439 inventum
1135 3368 1170 3427 iri
1199 3387 1272 3448 spes
1296 3365 1418 3432 estoldo:

207 3492 306 3537 omncs
329 3470 452 3549 Virgilio
476 3468 665 3545 adscribunt3
694 3486 786 3550 neque
808 3469 863 3530 alia
886 3471 977 3533 luisse
1000 3469 1249 3533 Grammaticorum
1273 3492 1330 3536 non
1351 3468 1419 3534 sulm

208 3577 324 3638 istorum
346 3575 452 3637 Donati
475 3578 505 3633 ct
527 3571 642 3649 Servii,
665 3571 716 3630 scd
739 3574 822 3633 etiem
843 3572 890 3633 his'
912 3573 1006 3653 paullo
1029 3575 1233 3655 antiquiorum,
1267 3579 1362 3658 opinio
1385 3573 1419 3633 ri·

209 3680 300 3741 detur.
344 3680 387 3740 Du
412 3675 510 3755 'opinio
538 3676 635 3754 primis
665 3675 794 3735 Dirarum
816 3677 1023 3756 interpretibus
1046 3677 1149 3739 multos
1171 3698 1289 3742 errores
1312 3679 1419 3762 pepedi,

210 3802 282 3864 quos
310 3781 364 3842 boc
396 3781 461 3843 loeo
488 3781 516 3839 in
545 3797 626 3839 unam
660 3777 797 3839 collectos
831 3780 953 3841 tabulam
981 3799 1145 3861 proponam.
1197 3783 1365 3847 Praetereat
1381 3781 1420 3842 tao

209 3885 359 3966 pagellas,
394 3886 437 3944 cui
470 3885 525 3944 isto
555 3883 636 3942 nimis
665 3881 836 3943 videbuntur
864 3885 1032 3962 nugatoria:
1064 3903 1122 3962 ego
1149 3883 1206 3946 hec
1235 3887 1264 3948 iu
1288 3907 1332 3950 mc
1352 3881 1421 3948 olidi

210 3990 342 4070 suscepi,
365 3986 433 4048 nibil
457 3993 486 4049 ut
508 3990 641 4048 intactum
664 3985 850 4066 relinquerem
874 4006 983 4064 eorum,
1008 4006 1080 4069 quac
1103 3988 1139 4048 ab
1162 3987 1227 4050 aliis
1248 3991 1285 4050 ad
1300 3993 1417 4068 interpre-

167 4160 171 4165 ,
210 4089 418 4156 toudum‘lrunc
445 4095 557 4169 poetam
583 4095 632 4150 aut
661 4091 801 4169 praestita
834 4092 945 4152 luerunt
976 4097 1024 4153 aut
1057 4094 1175 4153 tentata.
1220 4094 1269 4155 Ac
1292 4085 1420 4157 nreumad

211 4215 325 4257 sensum
348 4213 402 4256 non
425 4194 573 4254 iniucunda
596 4197 680 4265 suut,
712 4195 891 4274 quantumvis
913 4196 1097 4275 imperfecta,
1122 4199 1268 4260 nascentis
1292 4199 1361 4261 artis
1379 4193 1421 4256 cri·

212 4302 287 4362 ticae
309 4277 609 4376 interpretationisque
636 4300 819 4356 monumenta.

275 4403 370 4479 Igitur
392 4399 546 4489 Pomponio
579 4398 704 4474 Sabino,
738 4399 863 4462 Domitio
894 4401 1065 4478 Cudderino,
1095 4401 1194 4466 Gloss.
1218 4404 1258 4467 V.
1281 4404 1307 4467 1.
1329 4407 1358 4468 et
1375 4397 1422 4465 lod.

87 4542 90 4546 ι
211 4508 300 4570 Badio
324 4503 519 4581 Ascensluiu
540 4518 576 4565 oo
598 4505 751 4583 convenit,
775 4507 917 4570 auctorem
939 4524 1008 4569 esse
1031 4505 1162 4570 Dirarum
1184 4506 1318 4573 Publium
1339 4504 1424 4585 vert
