2948 4986
137 194 214 264 168
560 187 964 282 Ammnnvnnsionus

135 358 191 432 κός
213 382 248 420 τε
271 357 389 438 πάγον,
415 357 528 420 πολιόν
550 365 576 420 τ’
597 359 792 440 Ἀσέληνονε
825 363 874 424 ubi
894 357 1069 437 Ἀσὲληνον
1095 362 1169 423 idem
1201 381 1270 424 esse
1298 367 1377 446 61666

133 462 293 544 Ἀσέληνα
318 455 376 544 ὅρη
401 467 584 545 lltymologi‚
608 471 693 545 puto,
717 471 762 542 et,
786 484 868 547 quam
884 468 1055 527 sententiam
1074 473 1161 528 vetus
1178 466 1377 528 Theriacomm

137 573 281 652 interpres
308 588 433 648 graecus
462 570 627 647 profitetur,
655 570 805 631 boeticum
836 563 1289 648 666166161666Ἀσὲλην6ν,
1318 573 1378 633 1666

134 677 233 737 natam.
250 672 401 749 existimo,
430 673 503 754 quod
528 675 663 734 incertum
687 676 785 751 esset,
814 676 904 734 utrum
927 671 975 734 ille
997 691 1078 733 mous
1100 673 1136 733 od
1162 674 1291 735 Aetolos
1313 693 1377 753 per-

136 778 258 853 tineret,
289 795 324 838 ao
352 776 387 836 ad
411 775 543 836 Locrus:
567 780 648 836 certe
671 773 826 848 Coracem,
857 779 979 837 montem
1006 776 1175 837 Aetolorum
1198 776 1377 850 altissimum,

136 898 218 964 quem
241 899 301 942 cum
321 873 483 957 Ἀσελήνῳ
508 881 548 940 116
570 881 720 956 coniungit
735 879 895 956 Nicander,
920 884 951 941 ut
974 885 1085 943 urentes
1109 882 1212 958 vicini,
1236 881 1285 943 vel
1310 884 1379 944 inter

136 1003 171 1045 se
192 984 260 1044 nexi
283 978 384 1046 ruisse
397 983 564 1059 rideantur,
587 984 732 1059 attingere
754 983 864 1045 Locros
888 982 1012 1060 066166,
1040 983 1115 1043 haud
1137 985 1265 1046 obscure
1287 986 1377 1062 signi-

134 1088 203 1150 ficat
223 1087 331 1149 Strabo
354 1086 409 1148 lx.
432 1106 462 1166 p.
487 1090 559 1148 638.
583 1086 619 1146 Β.
645 1085 680 1148 C.
702 1086 742 1147 X.
766 1105 795 1165 p.
817 1093 890 1149 690.
909 1092 982 1149 692.
1006 1083 1179 1149 Conierotur
1200 1088 1237 1148 66
1258 1087 1377 1148 Theria-

135 1209 229 1252 corum
257 1189 349 1252 lucum
370 1191 527 1251 lluteenius
555 1208 585 1268 p.
609 1193 683 1252 328.
712 1189 757 1250 ed.
790 1189 928 1252 Schneid.
960 1192 1006 1272 661
1037 1190 1181 1252 montibus
1206 1185 1378 1267 Ἀσέληνον

133 1293 279 1356 Aetolicis
301 1297 477 1354 annumerat.
574 1291 734 1369 Graviora,
756 1295 791 1354 66
815 1300 941 1355 nostram
964 1295 1074 1376 quidem
1096 1313 1173 1366 rem,
1204 1314 1288 1377 quam
1309 1314 1376 1358 nuuc

133 1399 261 1475 agimus,
284 1395 335 1457 illa
356 1402 441 1470 sunt,
464 1412 537 1477 quae
560 1414 599 1456 ex
620 1395 767 1457 Nicandro
791 1399 911 1476 apponit
931 1397 1143 1475 lltymulogos:
1174 1389 1241 1472 ὅτι,
1267 1396 1373 1477 φησιν,

135 1497 170 1559 ἐν
193 1494 305 1568 adroic
318 1505 374 1562 etc.
419 1498 517 1584 Quae,
533 1503 567 1562 ut*
584 1501 676 1561 verba
698 1503 817 1576 sonant,
837 1504 953 1560 sensum
977 1501 1117 1580 praebent
1139 1501 1245 1563 talem:
1259 1503 1331 1585 quud
1351 1505 1372 1563 iu

135 1605 278 1667 montibus
304 1598 494 1680 Ἀσελήνοις
522 1605 641 1665 cubaret
671 1621 732 1663 cour
756 1603 933 1681 Endymione
955 1605 1049 1676 Luna,
1078 1609 1237 1689 propterea
1261 1608 1372 1666 vicinam

136 1709 278 1771 montibus
300 1707 361 1769 illis
375 1710 522 1785 regionem
541 1701 632 1783 (τούς
648 1695 766 1774 ἄλλους
778 1703 912 1785 τόπους)
933 1710 1063 1768 caruisse
1084 1707 1188 1768 lumine
1205 1708 1308 1770 lunari,
1329 1709 1371 1770 ln.

137 1815 216 1891 epte.
253 1811 325 1872 Tum
348 1811 420 1870 enim
443 1829 499 1871 non
522 1815 633 1872 montes
656 1810 768 1871 dicendi
792 1811 917 1872 inissent
936 1807 1112 1888 Ἀσὲληνα,
1136 1813 1188 1871 666
1205 1814 1303 1874 vicina
1323 1813 1371 1875 illis

136 1918 222 1993 regio
251 1914 371 1982 dicenda
401 1918 463 1975 erat
490 1909 656 1991 ἀσέληνος.
706 1913 802 1996 Quare
825 1913 1027 1992 Etymologum
1056 1934 1112 1976 666
1143 1918 1217 1977 66116
1248 1922 1371 1979 accurate

137 2020 323 2099 excerpsisse
345 2017 438 2078 verba
459 2018 615 2095 Nicandri,
643 2021 692 2078 661
721 2016 908 2095 negligenter
936 2016 1014 2099 loqui
1032 2014 1176 2080 arbitror.
1223 2020 1288 2082 Res
1309 2019 1372 2080 haec

137 2126 216 2201 erat,
240 2122 296 2182 nisi
317 2121 411 2182 lallor.
456 2119 729 2181 Animadverterout
753 2121 881 2200 regionis
905 2120 981 2180 illius
1004 2122 1131 2198 incolae,
1154 2128 1268 2185 montes
1290 2143 1370 2205 quoe

136 2227 216 2305 dam,
240 2227 303 2286 dum
326 2229 386 2287 tota
409 2223 497 2300 longe
519 2223 634 2304 lateque
658 2223 742 2302 regio
763 2222 867 2284 lumine
889 2225 1058 2285 circumt'osa
1083 2225 1180 2288 lunari
1196 2226 1369 2306 splendebat

136 2348 333 2411 nonuunquam
349 2332 444 2391 tectos
464 2327 591 2406 caligine
610 2327 764 2407 umbraque
782 2329 894 2389 iacere:
918 2327 973 2388 hoe
994 2333 1121 2404 ruentes,
1138 2330 1187 2391 vel
1204 2329 1281 2393 hunc
1301 2350 1370 2392 mun·

137 2430 389 2510 1661,Ἁσε’ληνα
412 2433 526 2507 dicere,
558 2425 818 2507 ν61Ἀσὲλην6ν,
847 2434 877 2492 61
899 2451 982 2513 quum
1003 2431 1110 2512 aliquid
1139 2432 1175 2493 de
1197 2434 1297 2495 Lunae
1319 2453 1371 2496 eum

136 2539 316 2617 Endymione
338 2537 491 2598 concubitu
514 2536 715 2612 accepissent,
746 2553 807 2595 eum
835 2535 869 2595 ad
899 2514 1019 2596 montem
1043 2535 1118 2597 illum
1141 2539 1252 2599 reterre
1273 2556 1368 2617 coepe

137 2646 211 2704 runt.
257 2641 339 2704 Satis
361 2644 448 2719 apte:
471 2641 578 2721 quippe
600 2638 723 2700 decebat
746 2641 774 2699 iu
797 2638 923 2701 obscuro
947 2643 1049 2718 peragi
1072 2659 1129 2701 rem
1153 2642 1247 2702 istam.
1288 2642 1373 2720 lgitur

137 2766 219 2828 quum
241 2738 318 2812 τούς
341 2732 459 2810 ἄλλους
481 2737 601 2810 τόπους
623 2741 694 2803 61611
717 2742 926 2820 litymologus,
956 2762 1011 2804 non
1035 2745 1122 2821 dicit,
1151 2752 1201 2806 aut
1224 2752 1304 2807 certe
1324 2763 1371 2806 noo

138 2849 238 2911 debuit
260 2848 372 2924 dicere,
402 2845 475 2906 alios
503 2843 584 2905 locos
606 2851 722 2924 praeter
745 2851 855 2908 ruruntes
877 2847 957 2916 illos,
987 2847 1039 2907 sed
1062 2847 1135 2908 alios
1157 2852 1292 2912 orontium
1313 2849 1371 2911 illo·

137 2970 197 3012 rum
229 2951 311 3011 loces
341 2953 456 3028 praeter
488 2967 549 3008 eum
579 2947 685 3024 locum,
721 2951 750 3008 in
785 2969 840 3030 quo
870 2951 949 3012 Luna
981 2951 1378 3033 occumbebatliudymioni

138 3052 290 3117 Caeterum
312 3053 500 3119 Nicandrum,
525 3071 562 3112 ex
584 3050 632 3112 his
651 3070 723 3134 6666
739 3053 964 3132 disputavimus,
989 3057 1150 3131 recessisse
1170 3060 1369 3136 6616166616·-

138 3159 213 3220 muni
236 3154 427 3231 Callimacho,
456 3156 628 3236 Apollonio,
658 3156 724 3219 aliis
746 3157 888 3236 plurimis,
918 3159 1022 3220 Nonne
1044 3178 1172 3240 666666,
1202 3162 1367 3231 narratione,

138 3280 212 3344 6666
246 3261 281 3322 66
310 3261 452 3330 Latmum,
490 3259 592 3323 Cariae
621 3266 759 3338 montem,
795 3261 948 3337 relegabat
975 3262 1179 3340 Eurynomen
1208 3264 1366 3344 Lunamque.

138 3366 311 3429 Adscribam
333 3384 407 3446 6666
428 3364 485 3426 huc
508 3366 668 3443 pertinent,
697 3385 735 3425 cx
758 3362 877 3425 scholiis
900 3366 929 3425 in
951 3364 1136 3443 Apollonium
1160 3368 1314 3440 Parisinie,
1339 3381 1365 3424 ue

138 3472 202 3552 quis
225 3489 260 3530 66
281 3487 430 3551 perperam
452 3469 593 3546 accipiat,
622 3470 652 3528 et
674 3467 779 3550 aliquid
802 3488 820 3529 a
843 3469 964 3530 scholiis
993 3469 1060 3530 olim
1083 3469 1215 3547 vulgatis
1239 3473 1364 3532 diversum

136 3574 251 3634 tradere
281 3573 438 3634 existimet.
490 3567 579 3647 Περὶ
606 3568 642 3628 δὲ
670 3569 729 3627 τοῦ
758 3570 816 3648 τῆς
843 3569 986 3649 Σελήνης
1015 3566 1136 3646 ἔρωτος
1167 3569 1296 3652 Σαπφώ
1323 3567 1364 3630 roi

138 3671 323 3750 Νίκανδρος
350 3672 384 3732 ἐν
410 3675 432 3750 β
464 3669 596 3752 αἰρώαης
625 3669 805 3751 ἱστοροῦσι.
855 3673 949 3734 Φασὶ
977 3671 1036 3752 γὰρ
1068 3673 1296 3754 κατέρχεσθαι
1319 3668 1362 3751 τήν

139 3766 285 3856 Σελήνην
305 3773 386 3855 πρὸς
403 3773 604 3852 Ἐνδυμίωνα
628 3775 835 3836 καθεύδοντα
859 3773 958 3837 odron
982 3779 1017 3855 (l.
1042 3775 1159 3861 ednod)
1184 3780 1219 3839 ἐν
1241 3782 1285 3862 opi
1303 3772 1361 3840 Ad.

138 3902 207 3963 τμῳ
231 3878 275 3962 τῷ
299 3871 378 3959 ὄρει.
422 3884 517 3960 Η666,
541 3884 567 3943 61
590 3879 677 3960 poci
696 3884 732 3943 ad
757 3883 876 3963 Sappho
900 3888 929 3946 et
951 3885 1288 3964 Nicandrumapertinet,
1307 3900 1361 3962 coe

138 3990 227 4052 traria
257 3994 340 4048 erunt
361 3989 523 4048 sententiae
552 3991 682 4057 nostrae,
713 3969 936 4048 et'Nieandrum
965 4007 1078 4070 666666
1106 3989 1135 4048 16
1162 3988 1262 4051 Latmo
1288 3987 1362 4051 cello

19 4135 24 4147 ·
140 4111 225 4154 casse
247 4092 452 4169 Endymiouem
476 4093 620 4152 evincent.
654 4090 697 4151 At
714 4109 786 4151 vero
805 4091 917 4152 scholia
939 4093 1096 4154 conterenti
1119 4090 1184 4152 olim
1208 4095 1285 4154 edita
1305 4087 1363 4153 aliud

139 4196 261 4277 patebit.
306 4195 349 4255 116
371 4196 432 4255 sic:
463 4190 552 4271 116ρί
573 4190 610 4250 δὲ
632 4191 692 4250 τοῦ
714 4191 771 4269 τῆς
796 4189 937 4272 Σελήνης
959 4193 1081 4267 ἔρωτος
1103 4189 1235 4274 ἱστορεῖ
1251 4184 1363 4273 Σαπφώ

140 4297 196 4358 καί
220 4295 401 4376 Νιλνανδρος
424 4293 458 4357 ἐν
482 4297 622 4377 (16666661
646 4294 817 4375 Εὐρώπης,
840 4295 986 4374 Λέγεται
1018 4297 1053 4357 δὲ
1083 4300 1310 4375 κατέρχεσθαι
1330 4293 1367 4366 εἷς

138 4403 234 4463 τοῦτο
257 4397 293 4462 τὸ
319 4391 435 4477 ἄντρον
456 4398 514 4480 τήν
538 4384 684 4480 Σελήνην
705 4397 785 4479 πρὸς
805 4399 1015 4477 Ἐνδυμίωνα.
1048 4403 1125 4465 Idem
1148 4405 1369 4486 estepanum

139 4510 282 4591 λέγεται,
300 4507 376 4589 apud
398 4505 474 4567 illum
498 4505 592 4586 φασί.
635 4507 730 4569 Primo
749 4510 847 4571 testes
869 4507 923 4570 hoo
943 4507 982 4569 de
1004 4506 1100 4571 tabula
1122 4507 1178 4570 duo
1202 4507 1372 4587 gravbslol,
