2948 4986
122 197 200 271 248
579 191 853 262 ulssulttdule
874 193 899 257 l.

123 387 204 448 quam
227 365 312 442 licet,
333 367 360 428 id
385 370 431 429 ert
452 385 565 446 parum:
587 367 662 448 quod
685 365 870 438 adversarius
891 369 948 428 iste
965 366 1086 444 Virgilii
1106 385 1183 429 nuuc
1206 370 1356 434 Claudius

121 471 186 530 siro
209 469 359 547 elotum,
382 487 454 531 nune
474 469 607 546 Arrius,
630 472 661 531 et
681 486 781 530 rursus
801 470 839 531 ab
861 470 928 532 ollis
949 470 1103 535 Milieaue
1123 473 1205 535 d'oro
1228 474 1354 553 appella-

34 630 37 638 .
121 581 183 652 tur,
206 577 245 634 itu
268 577 393 636 tortuose
415 572 555 654 explicari
580 574 691 653 possit,
713 576 746 635 ut
766 573 793 633 iu
816 577 896 636 tauta
918 571 1039 637 Catonis
1061 577 1182 642 totorum
1206 593 1268 637 eorm
1290 579 1351 639 iude

121 677 240 754 Virgilii
262 678 458 755 similitudine,
488 680 633 739 contusum
663 695 732 745 esse
754 694 853 739 nomen
875 679 953 754 elus,
981 681 1027 739 cui
1058 679 1143 741 dutus
1164 684 1214 742 est
1236 677 1350 742 Catonis

120 799 212 859 eger,
235 782 261 842 sl
284 785 331 843 est
352 781 453 859 dutus,
481 800 542 843 eum
564 781 732 843 adversario
757 780 876 857 Virgilii
898 781 987 843 dieas.

188 987 338 1053 Valerium
365 989 510 1053 Catonem
535 992 678 1051 auctorem
712 988 778 1049 esse
806 989 953 1053 Dircrum
983 989 1090 1069 primus
1112 989 1212 1053 docuit
1232 1008 1347 1068 maguus

118 1092 259 1174 Suttger.
304 1091 648 1172 Proluseratiiyruldus,
670 1091 722 1154 sed
745 1091 866 1172 obiter„
881 1110 937 1154 uee
956 1093 1020 1154 siue
1040 1111 1146 1170 muguo
1168 1112 1284 1169 errore,
1306 1095 1346 1156 lic

114 1196 232 1261 Poetur.
255 1195 323 1261 bist.
342 1195 422 1261 dilui.
444 1194 499 1260 IV.
519 1196 559 1259 Τ.
581 1194 620 1258 ll.
643 1194 721 1275 0pp.
745 1193 801 1257 eol.
824 1198 895 1258 leb.
917 1200 1067 1277 postquam
1088 1196 1126 1258 de
1148 1196 1220 1260 Vol.
1243 1194 1345 1261 (lutum

114 1300 251 1378 exposuit
272 1317 311 1361 ex
332 1299 496 1364 Suetonio:
526 1299 613 1380 iure,
640 1318 712 1362 cum
734 1318 789 1380 epu
809 1318 916 1382 poema
938 1299 1032 1374 illud,
1065 1301 1146 1384 quud
1167 1304 1249 1364 iuter
1275 1301 1342 1365 Ver-

113 1403 233 1485 pitiuuc
267 1403 355 1467 Dirce
381 1402 577 1480 inscribitur,
606 1404 733 1468 Octauio
755 1403 846 1465 buius
867 1420 940 1464 cese
961 1405 1177 1478 existimarim,
1211 1413 1243 1468 et
1272 1404 1343 1490 quod

113 1507 152 1570 dc
173 1506 267 1586 Lydia
288 1509 320 1568 ia
340 1525 375 1573 ec
397 1512 517 1588 rapitur,
545 1516 576 1569 ct
602 1511 709 1571 necatio
740 1507 776 1589 fit
797 1507 902 1568 ciuilis
931 1505 1018 1584 belli,
1050 1527 1107 1592 puo
1129 1513 1201 1589 ipee
1220 1518 1271 1571 eut
1288 1527 1342 1591 po·

111 1613 265 1688 trimorrio,
288 1618 322 1675 ut
343 1613 389 1675 uit
405 1610 621 1696 Vruupuillue,
644 1620 772 1687 eumue,
796 1611 830 1672 id
851 1608 1044 1694 quodetiam
1067 1615 1194 1692 ipsemet
1216 1613 1342 1674 Gatoia

111 1713 229 1792 libello,
262 1717 313 1779 eui
332 1721 383 1783 eet
402 1715 511 1782 titulun
533 1714 716 1792 Indignatio,
751 1714 902 1791 ostendit,
932 1723 963 1777 et
990 1723 1154 1797 propterca
1176 1736 1237 1779 noa
1259 1716 1343 1778 llirue

112 1817 169 1879 ced
194 1815 376 1894 ludiguriio,
402 1836 509 1901 poema
539 1822 640 1900 iponem
670 1819 800 1884 inscribi
825 1837 922 1900 poree
952 1817 1124 1880 videbatur.
1176 1817 1270 1883 Vobis
1290 1821 1341 1882 boe

112 1919 234 1982 dicione
253 1920 359 1998 eelim,
383 1941 461 1985 aune
483 1923 557 2008 quid
579 1927 725 2000 cautium,
747 1924 831 1985 baud
850 1921 949 2004 facile
969 1921 1092 2003 afferre
1110 1941 1263 2003 pecuum,
1283 1943 1342 1986 curu

111 2025 376 2091 Grammaticorum
397 2034 504 2088 contro
523 2035 585 2091 etet
606 2046 793 2104 coaecaaue,
828 2029 880 2111 qui
903 2024 990 2089 lllras
1016 2025 1152 2106 Vergilio
1175 2027 1340 2115 ascribunt.

175 2127 322 2208 Scaligeri
343 2128 417 2193 baec
444 2135 491 2194 est
519 2131 608 2209 digna
630 2135 710 2195 tuoto
732 2132 797 2194 viro
819 2133 851 2192 iro
878 2129 982 2192 Dirae
1011 2129 1080 2193 Vol.
1102 2129 1236 2193 Cotuato
1258 2149 1339 2210 prue-

109 2233 197 2295 tutio:
710 2274 720 2281 -

173 2334 264 2399 itum
284 2336 417 2416 poemuiii
438 2339 538 2401 unctor
559 2340 606 2400 est
626 2337 694 2400 Vul.
718 2337 792 2402 (iulo
815 2335 1029 2401 Grammaticus.
1074 2334 1157 2420 Quod
1181 2335 1339 2417 depreben-

109 2439 187 2501 dituu
205 2457 245 2501 cx
267 2439 319 2518 ils,
351 2457 424 2521 quue
444 2439 481 2502 de
501 2458 536 2503 eo
558 2441 678 2520 scripsit
699 2440 858 2503 Suetonius
879 2438 1084 2521 Tranquillus:
1105 2459 1218 2520 ¹nempe
1251 2443 1338 2521 putri-

108 2542 228 2605 monluur
249 2560 329 2611 suum
351 2543 484 2607 emisisse
504 2543 583 2606 bello
606 2543 741 2606 Sulluuo:
765 2549 822 2605 tum
843 2543 975 2604 amusium
997 2543 1132 2624 quondam
1147 2544 1271 2623 Lydium
1292 2561 1337 2606 eu-

108 2639 241 2709 lebrasse
268 2648 437 2709 carminibus
466 2649 538 2710 suis.
583 2649 734 2730 Vtuuuque
763 2649 791 2709 iu
820 2645 874 2708 bue
901 2644 1016 2722 lleloga
1043 2652 1176 2726 apparet.
1220 2647 1293 2709 Num
1312 2651 1338 2708 et

108 2749 218 2828 Lydiae
240 2752 302 2812 clus
331 2767 422 2830 saepe
446 2749 590 2828 meminit,
623 2755 655 2816 et
681 2751 786 2813 uouisse
807 2750 884 2819 bonu
905 2767 958 2811 sua
988 2749 1128 2829 deplorat.
1181 2749 1264 2834 Quae
1291 2752 1337 2812 tuit

108 2855 193 2913 voiea
215 2870 334 2929 caussa,
369 2870 457 2933 quare
486 2851 543 2917 boe
565 2853 704 2933 eidylliou
726 2852 853 2930 Virgilio
881 2852 1100 2931 attribueretur,
1129 2855 1204 2936 quod
1229 2857 1336 2934 etipse

108 2974 220 3036 quoquo
241 2955 318 3018 bello
341 2955 418 3018 eluill
440 2974 529 3036 agros
552 2977 620 3019 suos
643 2974 735 3037 prope
752 2956 896 3017 illauluam
918 2957 1074 3017 arrisisset.
1120 2958 1182 3020 Sed
1206 2960 1272 3040 quis
1292 2977 1334 3020 st·

108 3076 162 3118 uus
190 3077 311 3140 unquam
339 3057 397 3121 boe
423 3077 522 3138 poema
550 3060 686 3122 attribuat
714 3059 859 3149 Virgilio,
898 3062 981 3120 etiam
1010 3062 1034 3120 ei
1059 3079 1114 3122 non
1136 3066 1288 3125 constaret
1305 3061 1334 3123 de

108 3162 218 3223 nouriue
245 3156 394 3227 aucterisi
422 3163 487 3224 lloc
514 3163 594 3241 dleo,
627 3181 684 3225 uon
707 3163 786 3244 uuod
813 3163 903 3225 mulus
937 3165 1023 3225 iu'erit
1050 3168 1138 3242 poem
1171 3164 1240 3228 Vul.
1270 3165 1331 3231 (luit

109 3261 186 3341 (Dii
201 3263 321 3346 melius)
348 3265 401 3327 sed
434 3266 508 3348 quod
539 3265 684 3327 dissimilis
712 3265 850 3343 Virgilio.
893 3267 1000 3329 Beuum
1023 3268 1093 3349 euim
1116 3272 1232 3346 poetam
1253 3271 1331 3332 runo

108 3370 155 3452 qui
178 3368 246 3432 mibi
267 3388 323 3433 nou
345 3370 457 3449 credet,
488 3370 584 3432 audiat
605 3371 641 3433 de
663 3389 698 3433 eo
720 3370 844 3448 elogium
867 3370 924 3434 tale
947 3372 1022 3433 Furii
1044 3371 1194 3435 Bibaculi:

385 3475 463 3538 Octo
485 3475 725 3552 Grammaticus,
749 3474 868 3537 butino
888 3475 996 3552 Sirea,

385 3577 446 3666 Qui
468 3579 554 3642 solue
576 3581 676 3660 fouit,
701 3599 740 3641 oc
761 3580 836 3659 lepit
855 3587 977 3662 poetae.

108 3680 201 3747 Elium
223 3677 353 3744 Catullus
376 3699 439 3742 eum
460 3683 549 3743 amice
570 3681 697 3762 appellat
719 3700 754 3744 eo
776 3681 1051 3761 Hendecasyllabo:

92 3786 94 3789 ’
383 3784 466 3849 utrm
487 3787 633 3871 quiequid
655 3805 744 3848 omae
766 3784 846 3849 Guto
867 3786 1032 3849 Catullum.
1163 3812 1166 3817 ·

110 3885 274 3965 Scripserat
296 3888 326 3949 et
346 3886 430 3950 alium
459 3888 557 3950 librum
587 3889 776 3951 coutinentem
804 3889 923 3951 similem
945 3889 1180 3970 conquestionem
1202 3889 1240 3953 de
1261 3887 1328 3968 egris

108 4090 182 4169 hoe,
206 4111 285 4174 quem
306 4095 451 4172 posterius
472 4096 612 4175 scripsit,
635 4095 784 4157 mnuiieste
805 4096 897 4158 luuoit
917 4097 953 4158 de
975 4095 1024 4158 illo
1047 4095 1172 4176 altero,
1180 4117 1265 4180 quoru
1285 4097 1327 4160 uit:

470 4231 511 4244 -
529 4208 700 4280 repetamus
720 4203 852 4267 carmine
872 4220 974 4264 cocco.

54 4267 58 4274 ⁴
108 4298 244 4362 Ostendit
267 4298 340 4359 eninr
362 4300 444 4360 etiam
471 4305 556 4364 autea
583 4320 618 4363 se
640 4302 675 4363 dc
697 4303 795 4365 eadem
817 4323 849 4366 re
871 4306 1037 4384 scripsisse.
1082 4303 1230 4370 Diuiditur
1251 4311 1329 4370 mter

107 4402 163 4464 lruo
185 4401 349 4481 opuseulum
372 4403 401 4464 iu
422 4403 494 4465 duas
515 4409 624 4485 partes.
669 4405 762 4468 Prima
784 4408 910 4470 eontinet
930 4408 1060 4470 deuotum
1076 4426 1208 4489 carmen,
1231 4411 1329 4492 ptume

107 4506 351 4584 imprecationum,
375 4508 406 4570 et
427 4524 499 4571 vere
520 4526 593 4592 quau
613 4512 703 4575 vocet
719 4509 859 4589 Heredes
875 4509 1046 4592 Vluvusteas
1067 4530 1188 4594 preces.
1209 4512 1331 4581 Secmli

108 3990 238 4065 amissis,
262 3990 306 4050 eui
326 3989 423 4051 titulus
445 3997 508 4053 erat
526 3992 719 4073 Indipuctio,
742 3994 877 4075 utinqult
892 3994 964 4055 idem
986 3992 1154 4055 Suetonius.
1199 3992 1328 4078 ltaquclu
1379 4026 1382 4031 ·
